2201 2990
263 124 331 154 xcvi

795 129 1169 162 ANNOTATIONES
1193 132 1245 162 IN
1268 132 1464 163 PLOTINI

318 221 350 251 p.
370 209 410 240 lv.
430 216 454 240 a.
492 211 598 251 ὀλίγου
622 213 678 252 γὰρ
705 213 747 245 ἔτι
771 215 914 255 πρότερον
943 218 992 254 τῆς
1021 218 1102 246 δεκα-
1123 217 1147 244 Α
1167 219 1305 256 εξικακία,
1330 219 1474 258 καρτερία,
1497 218 1638 258 ὑπομονή.
1674 220 1724 251 Cf.
1746 221 1805 251 ΕΖ.
1831 221 1947 263 Spanh.
1966 221 2006 252 ad

268 261 358 301 ετίας]
385 262 505 304 “Lege
528 264 668 301 ἑξαετίας.
696 265 767 296 Vid.
782 277 815 308 p.
835 276 903 297 102.
926 274 957 297 et
978 278 1051 297 mox
1075 268 1107 297 ἐν

269 313 300 343 δὲ
318 315 379 345 τοῖς
399 313 429 351 ἓξ
450 313 529 344 ἔτεσι
548 315 687 347 τούτοις.”
713 317 757 347 D.
780 318 989 359 W'gytteubach.
1036 317 1107 348 Sine

266 362 351 394 libris
374 371 493 395 mutare
515 377 576 396 non
599 377 667 397 sum
689 379 793 398 ausuS.
838 369 1035 410 Quapropter
1055 368 1107 398 Fi-

267 413 326 444 cini
342 414 433 446 etiam
445 417 614 448 versionem
630 417 661 448 h.
671 417 692 448 l.
705 418 849 449 intactam
865 419 986 461 reliqui.
1025 420 1105 450 Mox

267 465 349 496 idem
369 467 553 509 Wyttenb.:
581 469 681 501 ἄλλως
704 470 737 499 ἐν
758 473 820 501 ταῖς
842 470 984 508 ὁμιλίαις;
1012 474 1032 488 “
1042 470 1063 500 i.
1076 482 1104 501 e.

266 518 373 555 obiter,
389 529 450 549 non
466 524 502 550 ut
520 519 692 550 scholarum
712 520 798 550 modo
817 520 991 551 dissereret.
1036 521 1104 551 Ex-

1166 268 1294 310 Joseph.
1318 269 1356 300 de
1380 269 1456 300 Bell.
1477 268 1554 300 Jud.
1573 270 1628 300 IV.
1647 271 1675 301 8.
1691 283 1722 313 p.
1738 281 1808 313 295.
1826 272 1961 303 Haverc.
1977 279 2008 304 et

1166 327 1197 350 et
1213 319 1302 350 Bielii
1318 320 1472 351 Thesaur.
1490 320 1529 351 V.
1543 320 1580 351 T.
1598 321 1627 352 I.
1649 333 1682 364 p.
1700 323 1771 364 673.
1789 334 1834 364 sq.
1855 329 1885 353 et
1900 323 1938 354 cf.
1955 335 2010 354 an-

1166 378 1230 402 not.
1256 371 1294 402 ad
1319 372 1442 404 εὐτόυως
1463 371 1494 401 111
1518 371 1630 403 Plotin.
1655 385 1685 415 p.
1702 375 1774 414 691.
1817 373 1891 404 Vult
1916 374 2008 405 etiam

1168 422 1379 464 Porphyrius:
1404 422 1487 465 iique
1502 422 1572 454 libri
1587 424 1718 454 necdum
1739 436 1774 455 ea
1788 424 1818 455 vi
1840 432 1911 455 sunt
1927 436 2007 466 prae-

1167 472 1233 510 diti,
1250 485 1321 515 quae
1335 474 1375 505 ad
1391 474 1526 516 vigorem
1544 474 1615 505 satis
1637 486 1749 517 magna
1766 475 1814 506 sit.
1860 476 2008 506 Ceterum

1167 524 1213 554 uti
1235 531 1330 555 totam
1354 525 1433 556 hanc
1456 525 1561 562 vitam,
1584 525 1627 556 ita
1649 526 1731 557 hunc
1754 538 1879 569 quoque
1904 526 2008 557 locum

265 569 355 610 posui
366 569 405 600 ad
415 569 575 600 Plutarchi
588 569 713 600 Morall.
726 582 755 612 p.
766 571 887 611 54.E.''
901 571 1102 611 (Animade.
1122 576 1147 603 B
1167 575 1318 617 excerpsit
1342 577 1379 606 P.
1396 577 1532 619 Bayjlius
1554 576 1584 606 in
1609 577 1691 608 Dict.
1714 589 1737 608 5.
1754 589 1786 608 ν.
1810 578 1928 616 Plotin,
1951 577 2006 608 ad-

267 620 336 652 Vol.
353 622 411 652 VI.
435 630 513 664 part.
534 632 560 652 1.
584 633 618 664 p.
633 623 722 662 452.)
759 622 810 652 Cf.
832 631 937 653 annot.
958 630 1052 654 nostr.
1073 622 1105 653 in

266 671 379 702 Plotin.
405 683 437 714 Ρ.
457 681 530 713 373.
552 673 592 702 E.
642 673 721 702 Bon
748 674 798 704 τὰς
824 674 1106 714 θερινὰς-ἄγοντος

264 724 356 763 ἀργοῦ
370 723 511 754 dedimus
530 735 567 754 cx
582 723 700 765 aliquot
714 723 811 755 libris.
856 725 938 755 Nam
953 725 1023 756 licet
1043 737 1104 756 non

264 774 359 804 simus
387 774 478 804 nescii
505 774 593 814 ἀργὸς
616 774 706 805 etiam
736 775 855 816 passive
883 776 978 818 accipi
1005 788 1103 818 posse,

262 825 451 867 probabilius
471 833 571 856 tamen
588 825 710 856 videtur
725 838 742 856 e
765 827 903 868 sequenti
919 826 1013 857 verbo
1031 840 1101 858 συν-

264 878 348 909 όυτος
361 877 436 907 illud
453 890 474 907 σ
488 888 647 918 perperam
665 877 857 919 duplicatum
873 889 945 908 esse.
979 879 1034 909 Cr.

1166 625 1242 656 dens
1263 638 1293 668 p.
1313 627 1382 667 758.
1405 636 1468 658 not.
1486 629 1540 658 E.:
1567 632 1587 646 ‘⁶
1604 629 1690 659 Tant
1711 629 1736 658 z'l
1757 633 1801 660 est
1823 630 1895 659 vraz'
1913 629 2009 671 gene}-

1165 678 1314 708 ralement
1319 678 1464 720 pat-lant,
1474 690 1531 720 que
1541 679 1663 722 Z’esprit
1668 690 1762 721 passe
1768 691 1834 722 par
1843 680 1886 710 les
1898 681 2007 710 πιέφηεε

1165 729 1360 759 vicissitude-5·
1374 740 1431 772 que
1445 730 1472 760 le
1487 741 1585 772 corps.
1634 731 1682 761 On
1697 732 1819 761 commit
1833 730 1916 773 l’dge
1931 730 2007 760 d'zm

1163 784 1277 810 auteur
1291 791 1357 810 aua·
1372 782 1465 811 traits
1479 781 1516 811 de
1530 792 1567 811 sa
1582 781 1690 824 plume
1702 791 1838 824 presque
1852 782 1940 812 aussi
1944 782 2007 823 fa-

1162 832 1301 862 cilcment
1324 834 1444 874 qu'auoe
1466 834 1560 863 traits
1582 833 1625 863 du
1647 834 1765 875 visage.
1819 833 1868 862 M.
1890 832 2007 863 Baillet

1162 894 1204 914 ιιιι
1219 884 1245 914 Ι.
1262 885 1356 915 Tome
1371 885 1423 914 des
1435 885 1611 926 Jugemens
1622 884 1674 915 des
1687 885 1813 915 Savmzs
1829 894 1862 925 p.
1872 883 1946 924 381.
1961 894 2006 925 sq.

298 939 330 970 p.
341 928 381 958 lv.
393 928 417 958 b.
434 929 473 958 ὧν
483 928 515 958 τὸ
531 929 585 966 μὲν
600 929 666 967 περὶ
681 931 732 959 τοῦ
742 928 774 959 τὸ
787 928 1012 960 ἐπέκεινα-καὶ
1027 931 1057 960 τί
1069 929 1101 960 τὸ
1120 937 1143 965 C
1162 940 1288 977 raporte
1309 936 1464 978 beaucoup
1487 936 1523 966 de
1545 936 1646 966 choses
1666 936 1822 965 curienses
1845 945 1903 964 sur
1917 934 2006 965 κεί-Γ

263 980 428 1022 δευτέρως]
468 979 587 1009 “Male
614 979 671 1010 hoc
698 979 764 1010 loco
791 979 918 1010 Ficinus
947 992 985 1010 ex
1012 980 1103 1011 titulo

262 1030 354 1061 unius
374 1030 443 1061 libri
466 1030 544 1061 duos
566 1030 649 1067 facit,
669 1031 713 1062 uti
738 1038 823 1071 patet
845 1042 883 1061 ex
906 1031 1104 1073 inscriptione

262 1081 405 1112 Ennead.
428 1082 465 1111 V.
495 1081 564 1112 libri
589 1084 618 1112 6.
647 1081 692 1123 [et
717 1081 798 1112 infra
820 1094 837 1112 e
863 1082 962 1124 capite
987 1083 1102 1113 XXV.

260 1143 292 1174 p.
313 1142 382 1173 145.
399 1132 493 1174 hujus
510 1133 603 1173 Vitae]
622 1140 651 1163 et
667 1144 704 1163 ex
722 1144 850 1163 numero
866 1132 1014 1163 librorum
1032 1133 1103 1164 Plo-

260 1183 325 1218 tini,
349 1183 404 1225 qui
430 1183 472 1214 ita
497 1192 595 1214 essent
618 1193 670 1225 55.
717 1184 874 1215 &etenim
900 1191 933 1215 ut
956 1184 1013 1215 hoc
1036 1184 1102 1215 loco

260 1234 454 1277 Porphyrius
482 1234 595 1265 Plotini
623 1235 736 1277 scripta
762 1242 897 1265 recenset
922 1247 959 1266 eo
983 1235 1100 1274 ordine,

1163 986 1255 1022 Quod
1272 998 1343 1017 vero
1365 988 1589 1017 Heumannum
1613 986 1744 1028 turpiter
1764 985 1884 1028 lapsum
1905 992 1935 1016 et
1957 985 2004 1016 in-

1162 1036 1291 1067 feliciter
1306 1037 1449 1068 festivum
1467 1037 1497 1068 in
1514 1038 1545 1068 h.
1562 1037 1581 1068 l.
1598 1037 1776 1068 Bruckerus
1796 1044 1826 1068 et
1844 1036 2006 1067 Harlesius

1164 1087 1209 1127 (in
1227 1089 1348 1119 Fabric.
1367 1090 1404 1119 B.
1422 1090 1480 1120 Gr.
1498 1089 1568 1119 Vol.
1587 1089 1624 1119 V.
1646 1100 1677 1130 p.
1694 1090 1779 1129 685.)
1801 1087 2004 1130 reprehende-

1162 1147 1247 1177 runt,
1265 1140 1333 1171 nolo
1356 1140 1386 1170 in
1410 1140 1515 1170 eadem
1538 1151 1571 1170 re
1593 1139 1690 1170 otium
1714 1139 1853 1181 perdere.
1898 1139 2005 1178 Πρώτη

1161 1199 1264 1222 autem
1288 1192 1387 1230 ἡλικία
1409 1191 1440 1221 11.
1457 1190 1478 1221 l.
1500 1202 1560 1221 non
1583 1190 1622 1220 ad
1645 1189 1806 1220 infantiam
1833 1189 2004 1220 naturalem

1162 1242 1369 1279 referendum,
1393 1242 1446 1272 sed
1468 1241 1507 1272 ad
1531 1250 1664 1283 tempus,
1687 1252 1751 1282 quo
1773 1251 1877 1270 recens
1902 1240 2004 1271 adhuc

259 1298 322 1328 (11¹0
337 1286 376 1317 ab
391 1294 515 1317 auctore
530 1286 707 1328 compositae
725 1294 808 1324 sum,
824 1287 866 1317 ita
889 1287 919 1317 in
937 1287 1102 1318 Ennessdess
1119 1300 1144 1326 D
1161 1302 1226 1325 erat
1249 1294 1279 1324 111
1303 1294 1388 1324 libris
1403 1293 1442 1324 de
1457 1292 1653 1336 philosophia
1669 1291 1835 1322 scribendis
1850 1290 2002 1322 Plotinus.

259 1337 389 1379 digesta,
413 1338 516 1379 qualia
539 1338 630 1369 hodie
652 1344 784 1375 exstant,
808 1339 981 1379 argumenti
1004 1339 1102 1370 affinis

259 1388 363 1419 habita
374 1396 446 1419 utcu
452 1400 532 1430 nque
543 1390 669 1427 ratione,
680 1397 876 1420 recensentur
887 1401 954 1432 cap.
967 1391 1099 1421 XXIV.

260 1452 306 1482 sq.
352 1440 506 1470 Numeros
533 1452 606 1470 vero
635 1440 713 1471 libro
738 1440 850 1482 cuique
880 1441 1038 1484 adscripsi,
1066 1449 1101 1473 ut

722 1492 848 1522 Fabric.
906 1493 971 1523 Nos
1002 1493 1101 1524 Ficini

258 1543 427 1573 versionem
458 1543 646 1573 correximus
675 1550 705 1573 et
732 1554 876 1574 numeros
903 1544 1102 1575 Fabricianos

258 1491 378 1522 facilius
407 1491 505 1521 evolvi
539 1491 684 1533 possint.''

258 1594 468 1636 apposuimus.
499 1595 554 1625 Cr.

1163 1346 1216 1376 Cr.

1196 1407 1228 1438 p.
1238 1395 1300 1426 lvii.
1312 1395 1336 1426 b.
1350 1395 1448 1436 Ἔσχε
1463 1397 1493 1426 δὲ
1510 1396 1653 1434 ἀκροατὰς
1667 1395 1721 1433 μὲν
1733 1394 1863 1434 πλείους]
1883 1393 1933 1424 Ex
1944 1392 2004 1424 hoc

1161 1446 1228 1477 loco
1244 1447 1373 1489 profecit
1391 1448 1472 1478 Luc.
1491 1446 1673 1477 Holstenius
1688 1445 1727 1476 de
1745 1445 1814 1476 Vita
1829 1453 1859 1476 et
1875 1444 2004 1487 Scriptis

1162 1498 1326 1540 Porphyrii
1352 1499 1409 1528 VI.
1437 1509 1470 1540 p.
1494 1507 1629 1538 22—31.
1657 1496 1837 1538 Cantabrig.
1867 1496 2004 1538 itemque

1163 1548 1309 1579 Brucker.
1331 1549 1361 1579 in
1387 1550 1468 1580 Hist.
1492 1549 1570 1580 Crit.
1592 1548 1708 1579 Philos.
1731 1549 1780 1578 II.
1804 1559 1836 1590 p.
1852 1548 1926 1586 426.
1950 1547 2004 1578 ad-

1161 1599 1235 1630 dens
1249 1612 1255 1630 :
1281 1604 1301 1618 “
1313 1602 1344 1630 Α
1364 1600 1486 1631 l'lotino
1503 1608 1598 1631 totam
1617 1599 1871 1642 philosophorum
1888 1599 2003 1639 (Alex-

284 1656 314 1687 Ρ.
329 1645 368 1675 lv.
382 1651 403 1675 c·
422 1646 453 1675 ἐκ
465 1646 651 1684 πρυσκαίρωι*
660 1646 878 1684 προβλημάτων
887 1649 938 1679 τὰς
948 1647 1103 1680 ὑποθέσεις
1119 1655 1143 1682 Ε
1161 1651 1376 1690 andrinorum)
1395 1651 1613 1682 successionem
1630 1651 1798 1682 derivatam
1814 1651 1907 1682 fuisse
1924 1658 2004 1682 vete-

258 1697 405 1737 λαβόντα]
446 1696 508 1729 Qui
536 1696 604 1727 libri
631 1705 813 1737 argumenta
840 1709 896 1728 sna
922 1705 1102 1740 acceperant

258 1748 362 1790 prouti
382 1753 451 1789 (pro
466 1760 498 1778 re
514 1751 599 1788 nata)
617 1749 802 1790 quaestiones
820 1749 1005 1782 incidissent.
1046 1751 1100 1781 Fi-

258 1799 344 1830 cinus
359 1800 507 1841 expressit
522 1801 637 1838 λαβὼν,
656 1807 690 1830 ut
707 1801 819 1831 referas
842 1801 880 1831 ad
899 1802 1041 1842 ἔγραψεν,
1060 1815 1101 1833 sc.

259 1854 422 1886 ΠλωτῖιὉς,
440 1851 492 1881 sed
509 1851 579 1882 libri
600 1851 694 1882 nostri
717 1851 791 1882 nillil
809 1852 925 1883 variant
942 1864 958 1883 a
976 1853 1102 1894 vulgata

258 1910 289 1932 et
315 1902 476 1932 commoda
505 1910 560 1932 est.
615 1903 664 1933 Dc
693 1904 879 1943 πρόσκαιρος,
908 1905 991 1946 quod
1021 1917 1102 1947 szepe

258 1953 329 1983 alibi
352 1961 397 1984 est
420 1954 637 1996 tempor-arum,
653 1954 695 1984 [ul
717 1959 837 1996 ternpus
859 1956 990 1993 durans,
1012 1956 1102 1987 adco-

1162 1713 1230 1732 rum
1262 1703 1440 1733 testimoniis
1470 1704 1617 1734 c‹›nstat.”
1669 1703 1753 1733 Tum
1787 1702 1892 1733 laudat
1920 1702 2003 1733 hunc

1161 1753 1263 1784 locum
1285 1763 1315 1784 ct
1340 1756 1494 1785 Socratem
1519 1754 1549 1784 in
1573 1754 1659 1784 Hist.
1676 1753 1794 1784 Eceles.
1811 1754 1889 1784 VII.
1909 1764 1956 1796 15.
1973 1762 2003 1785 et

1163 1806 1323 1836 Sozomen.
1343 1806 1370 1836 I.
1386 1815 1417 1846 5.
1450 1807 1505 1837 Cr.

1204 1869 1235 1899 p.
1250 1856 1311 1887 lvii.
1327 1863 1351 1887 ⁰.
1373 1856 1592 1895 Ἀμέλιον-οὓ
1607 1856 1640 1887 τὸ
1657 1857 1749 1894 ὄνομα
1763 1856 1799 1894 ἣν
1815 1857 2003 1890 Γεντιλιαυὸς

1161 1907 1194 1938 vd
1211 1909 1321 1949 κύριον]
1340 1909 1388 1938 Ita
1404 1919 1514 1938 nomen
1531 1907 1662 1938 hominis
1677 1907 1835 1949 proprium
1853 1908 2002 1950 scriptum

1161 1968 1206 1991 est
1221 1960 1311 1990 ctiam
1330 1960 1409 1990 infra
1431 1972 1457 1990 c.
1476 1959 1559 1989 XX.
1578 1970 1610 2000 p.
1631 1960 1697 1989 126.
1714 1967 1792 1989 extr.
1832 1959 1926 1990 Unde
1949 1971 2001 1991 ne-

259 2016 319 2046 que
342 2013 584 2035 momentaneus.
622 2005 690 2035 vid.
710 2006 864 2038 lVetsten.
888 2007 927 2038 ad
949 2008 987 2038 N.
1007 2009 1046 2038 T.
1072 2009 1099 2039 1.
1120 2017 1142 2044 F
1161 2011 1222 2042 scio
1237 2023 1293 2042 cur
1310 2010 1473 2041 Reinesius
1494 2010 1523 2040 iu
1543 2010 1668 2040 Suidam
1693 2021 1723 2052 p.
1743 2020 1788 2051 15.
1807 2011 1856 2041 ed.
1874 2011 2003 2042 Miilleri

259 2067 290 2097 p.
305 2065 378 2094 402.
397 2063 427 2086 et
444 2056 587 2086 Irmisch.
603 2055 642 2086 ad
660 2056 830 2088 Herodian.
851 2059 878 2089 I.
900 2069 926 2089 1.
945 2060 974 2090 6.
999 2071 1029 2101 p.
1048 2069 1097 2101 25.

263 2107 314 2138 Cr.

300 2169 332 2199 p.
347 2157 408 2188 lvii.
425 2165 446 2188 ὓ.
470 2160 506 2188 τὰ
521 2160 552 2188 δὲ
574 2158 629 2188 ὑπὸ
652 2161 704 2189 τοῦ
726 2160 859 2198 σώματος
882 2163 1099 2201 καταπονουμέ-

260 2210 324 2249 zfov]
351 2209 441 2246 Quod
463 2221 481 2239 a
500 2210 599 2250 prima
620 2221 712 2240 manu
735 2211 881 2253 scriptum
906 2221 949 2243 est
972 2213 1002 2243 111
1021 2213 1100 2245 Cod.

261 2260 325 2291 Ciz.
351 2261 592 2299 κατατρυομένου,
608 2260 767 2292 advertere
790 2273 844 2292 nos
864 2262 956 2294 debet
977 2272 1007 2294 et
1025 2265 1101 2295 reci-

258 2311 406 2354 piendum
421 2311 549 2341 fortasse
564 2319 640 2349 erat,
657 2312 680 2342 si
696 2312 784 2343 aliam
803 2325 894 2355 quam
916 2319 1014 2356 po'etae
1029 2327 1101 2347 auc—

1160 2074 1197 2093 ex
1215 2062 1271 2093 hoc
1287 2061 1452 2104 posteriore
1468 2061 1536 2091 loco
1551 2061 1655 2091 laudet
1668 2063 1835 2092 Γευτιαυόυ.
1872 2063 1910 2093 In
1924 2074 2003 2094 mar-

1160 2113 1297 2144 moribus
1313 2113 1437 2154 quidem
1456 2112 1602 2143 Gentiani
1618 2124 1728 2142 nomen
1750 2114 1822 2143 satis
1836 2114 1998 2156 frequens:

1941 2167 2002 2198 Sed

1161 2223 1261 2245 tamen
1278 2226 1295 2244 a
1312 2214 1411 2245 Codd.
1430 2215 1527 2245 MSS.
1543 2216 1724 2246 auctoritate
1740 2216 1770 2247 h.
1788 2217 1806 2247 l.
1823 2217 1912 2248 lectio
1934 2230 2001 2249 sus-

1160 2277 1254 2308 pensa
1276 2272 1332 2302 est,
1349 2276 1449 2307 neque
1467 2267 1683 2301 Quintilianus
1705 2267 1916 2300 admittendus
1938 2269 2002 2301 sine

1160 2317 1254 2354 libris,
1279 2316 1332 2358 qui
1359 2317 1456 2347 eidem
1484 2318 1626 2348 Reinesio
1653 2318 1683 2348 in
1708 2327 1840 2350 mentem
1864 2328 1998 2352 venerat.

1161 2163 1329 2195 Gentiliani
1353 2163 1486 2201 minime,
1507 2171 1537 2194 et
1559 2163 1687 2194 fortasse
1709 2164 1894 2196 inauditum.

258 2363 411 2394 toritatem
423 2362 560 2393 liaberet.
592 2363 747 2394 Nicander
756 2364 972 2406 Alcxipliarm.
986 2377 1098 2407 v.592.
1118 2377 1144 2404 G
1162 2368 1241 2398 Mox
1257 2368 1314 2398 ἀπὸ
1330 2370 1379 2406 τῆς
1394 2370 1529 2408 ἀμερείας
1545 2381 1601 2411 pro
1617 2371 1735 2409 ἀμερίας
1754 2382 1834 2401 1111115
1854 2371 1930 2402 liber
1944 2371 1999 2402 ha-

262 2414 364 2453 (606.)
383 2414 575 2452 κατατρύσαιο
591 2415 621 2444 δὲ
638 2417 715 2453 γυῖα,
734 2415 785 2445 ubi
806 2416 988 2447 Selloliastes
1003 2429 1034 2459 p.
1048 2427 1098 2457 ¹72.

262 2464 439 2496 Schneideri
457 2463 606 2506 explicat:
633 2466 838 2505 xarioxroeffov
854 2467 941 2497 αὐτοῦ
955 2470 990 2498 τὰ
1004 2468 1097 2507 μέλη;

261 2520 282 2535 “
293 2518 434 2546 Attenua
452 2515 548 2557 ipsius
565 2522 661 2554 artus,
678 2524 711 2546 ut
729 2517 890 2548 macriores
906 2519 1010 2549 fiant.”
1035 2520 1098 2559 (Cf.

261 2566 366 2609 Steph.
390 2566 486 2596 Thes.
514 2577 547 2608 p.
567 2568 660 2607 9169.
680 2567 711 2597 b.
741 2568 788 2598 ed.
810 2569 958 2610 Londin.)

260 2629 385 2649 manum
408 2617 623 2649 abstinuimus.
670 2619 750 2649 Mox
772 2621 818 2650 καὶ
839 2621 950 2651 οὐδέπω
965 2622 1035 2661 πρὸς
1051 2623 1096 2653 εὐ-

259 2671 370 2701 τονίαν.
395 2669 535 2711 Hesych.
549 2669 575 2699 I.
592 2681 623 2712 p.
638 2679 728 2711 1534.
747 2670 881 2702 Albert.:
907 2673 1031 2704 εὐτονία·
1049 2674 1098 2704 ἇν-

1006 2572 1098 2602 Nunc

1160 2419 1222 2455 bet,
1239 2427 1269 2450 et
1284 2419 1327 2449 ita
1341 2419 1431 2450 etiam
1449 2420 1478 2450 in
1497 2420 1596 2450 Procli
1615 2422 1691 2452 Inst.
1707 2422 1816 2452 Theol.
1834 2434 1865 2465 p.
1882 2433 1951 2464 130.
1970 2430 2000 2454 et

1161 2471 1230 2501 262.
1248 2470 1295 2500 cd.
1312 2479 1407 2501 nostr.
1425 2479 1454 2502 et
1470 2471 1511 2501 ita
1528 2471 1619 2502 etiam
1635 2472 1716 2503 alibi.
1743 2474 1797 2504 Cr.

1201 2522 1329 2554 -αὐτὸς
1343 2523 1374 2552 δὲ
1391 2524 1436 2553 διὰ
1452 2525 1502 2553 τοῦ
1518 2524 1535 2563 ᾗ
1550 2522 1687 2563 Ἀμέριον
1702 2524 1790 2554 αὑτὸν
1804 2527 1905 2555 καλεῖν
1919 2524 2000 2563 ἠξίου

1159 2572 1320 2611 --τῑρέττειιΙ
1331 2574 1415 2615 αὐτῷ.
1442 2575 1492 2604 Ita
1504 2574 1609 2616 scripsi
1619 2586 1687 2605 cum
1703 2575 1810 2605 Ficino
1822 2583 1852 2606 et
1864 2587 1901 2605 ex
1912 2583 2000 2617 parte

1157 2635 1226 2654 cum
1245 2624 1285 2654 L.
1299 2624 1462 2655 Holstenio
1478 2626 1498 2655 l.
1512 2625 1532 2655 l.
1548 2637 1580 2667 p.
1592 2635 1644 2666 30.
1662 2637 1705 2667 sq.
1722 2625 1776 2667 qui
1799 2626 1911 2656 ibidem
1935 2626 1996 2657 ita:

1159 2678 1179 2692 ‘⁶
1191 2686 1295 2705 —non
1319 2675 1420 2706 minus
1443 2687 1558 2707 errasse
1582 2676 1720 2714 Suidam,
1739 2676 1814 2707 (lum
1838 2677 1998 2708 Amelium
