2201 2990
226 165 273 196 civ
763 157 1140 190 ANNOTATIONES
1166 156 1216 186 IN
1241 155 1438 186 PLOTINI

230 249 398 281 πολλώνιός
412 260 444 278 τε
460 248 475 278 ὁ
493 248 525 278 ἐκ
539 247 672 282 Τυάνων,
689 245 785 277 οὐκέτι
801 246 980 285 φιλόσοφος’
1006 242 1075 275 ἀλλ’
1093 244 1120 271 Α
1137 241 1199 272 sius
1223 241 1352 272 LXVI.
1376 249 1424 280 24.
1449 251 1481 282 p.
1501 241 1591 281 1396.
1617 238 1768 283 [1069.]''

230 302 267 340 ἣν
282 315 309 332 τι
325 303 400 331 θεῶν
412 312 444 330 τε
461 299 506 330 καὶ
522 299 682 338 ἀνθρώπων
697 297 800 336 μέσον,
814 296 853 327 ad
865 306 958 337 quem
974 294 1075 325 locum

231 352 292 383 vid.
318 350 553 382 Boissonadium
579 361 611 391 p.
632 356 702 390 137.
732 356 763 379 et
792 347 870 389 lege,
897 358 968 388 quae
994 345 1076 376 idern

231 411 338 446 postea
360 401 481 433 addidit
502 401 534 431 in
555 400 681 431 Notices
703 407 733 430 et
753 398 894 430 Extraits
917 398 948 428 d.
973 408 1076 428 mserr.

233 455 265 486 d.
281 454 301 485 l.
318 453 391 484 bibl.
407 453 451 484 du
468 451 529 483 Roi
545 450 614 482 Vol.
629 451 695 481 XI.
714 460 743 481 2.
760 462 790 492 p.
806 459 855 480 22.
894 450 965 487 Quo
981 448 1079 490 magis

233 513 336 537 autern
353 503 575 546 discipulorum
599 502 697 544 pietas
719 508 749 532 et
769 500 925 531 veneratio
945 499 1018 530 talia
1040 499 1079 529 de

234 556 388 599 magistris
404 555 466 586 suis
481 554 601 585 tradere
617 560 647 583 et
662 563 776 594 augere
791 551 910 593 gestiit:
936 550 993 581 hoe
1015 561 1079 580 ma-

233 609 281 651 gis
296 606 429 639 tenenda
449 612 531 642 sunt,
549 616 620 646 quae
642 603 681 634 de
703 602 859 634 communi
874 602 957 632 fama
979 600 1079 631 homi·
1097 604 1121 631 B

234 671 310 692 num
326 669 433 690 eorum
450 656 622 687 seculorum
639 654 787 696 legimus:
807 652 1006 695 philosophos
1024 651 1080 691 (sic

235 711 315 743 enim
331 710 374 741 illi
391 709 447 740 sibi
462 708 688 750 persuaserant)
708 715 874 747 magorum
889 704 1012 733 artibus
1027 703 1079 733 ob-

235 763 345 794 nooeios
366 772 428 791 non
449 769 523 796 esse,
540 758 602 789 sive
624 757 816 796 ἀγοητεύτους
840 754 924 785 εἶναι.
971 752 1081 784 Celsus

235 826 274 845 ex
286 811 439 854 Dionysio
453 822 503 852 ap.
517 809 682 850 Origenem
699 808 753 838 VI.
764 817 814 845 41.
832 817 862 848 p.
876 815 949 846 302.
967 817 996 847 p.
1009 806 1080 836 662.

237 865 350 896 Ruaei:
380 862 540 894 Διονύσιόν
562 873 636 895 τινα,
660 858 801 897 μουσικὸν
825 858 985 896 Αἰγύπτιον
1009 869 1081 896 συγ-

236 916 399 956 γενόμενον
420 913 506 954 αὐτῷ,
524 910 668 951 εἰρηκέναι
690 910 756 949 περὶ
779 911 836 939 τῶν
857 909 930 939 κατὰ
952 907 1004 946 τὴν
1025 920 1081 946 μα-

236 968 331 1007 γείαν,
349 967 392 996 ὅτι
415 964 487 1004 πρὸς
509 962 698 993 ἀπαιδεύτους
719 961 774 999 μὲν
795 959 865 997 αὐτὴ
889 959 1018 994 δύναται,
1037 958 1083 989 καὶ
1102 964 1125 992 C
1144 958 1297 989 tustum.''

237 1018 310 1058 πρὸς
325 1015 537 1056 διαφθαρέντας
555 1015 590 1043 τὰ
605 1013 670 1051 ἤθη·
696 1013 768 1051 πρὸς
783 1012 815 1041 δὲ
831 1011 896 1042 τοὺς
911 1009 1080 1050 φιλοσοφή-

238 1082 348 1101 σαντας
363 1068 448 1098 οὐδὲν
464 1066 511 1096 οἶά
526 1065 558 1095 τέ
575 1066 656 1095 ἐστιν
673 1064 814 1102 ἐνεργεῖν,
829 1062 879 1092 ἅτε
895 1063 944 1099 τῆς
958 1062 1084 1100 ὑγιεινῆς

238 1121 346 1158 διαίτης
375 1116 641 1157 προνοησαμένους.
689 1113 782 1151 Quod
812 1112 949 1143 refellere
980 1112 1084 1142 studet

239 1171 399 1213 Origenes.
425 1168 476 1199 Cf.
487 1167 578 1198 etiam
591 1165 728 1197 Neaudri
741 1165 827 1195 Hist.
839 1164 957 1195 Eccles.
969 1163 1083 1194 Christ.

240 1224 268 1253 Ι.
285 1233 315 1264 p.
332 1222 402 1262 256.
430 1220 484 1251 Cr.

283 1285 314 1316 p.
335 1272 388 1303 lxi.
405 1271 422 1302 ¹.
454 1271 611 1310 Αἰγύπτιος
634 1268 690 1308 γάρ
712 1280 754 1299 τις
779 1266 886 1309 ἱερεύς]
921 1270 942 1284 “
966 1266 1085 1296 Forsan

1814 240 1893 270 Haec
1916 239 1980 270 Lo-

1137 292 1273 323 beckius.
1298 293 1335 322 In
1353 291 1461 322 eodem
1475 290 1584 322 Dionis
1597 291 1694 322 Cassii
1709 291 1786 328 loco,
1802 290 1889 321 nullo
1903 289 1983 321 libro

1138 343 1275 374 variante
1296 342 1410 385 legitur
1424 341 1544 373 Ἰσεῖον.
1589 343 1634 373 Et
1653 355 1692 373 ex
1712 342 1764 373 illa
1783 342 1851 384 lege
1871 341 1983 384 corrigi

1138 395 1229 426 etiam
1246 394 1338 425 debet
1354 393 1513 425 Plutarch.
1527 393 1566 424 de
1579 393 1663 424 Iside
1679 405 1710 436 p.
1721 402 1793 436 352.
1805 395 1847 424 A.
1863 405 1895 436 p.
1907 403 1980 432 444.

1139 447 1245 488 Wytt.
1270 446 1324 476 ubi
1342 445 1454 476 Ἴσειον
1478 445 1625 487 scriptum
1649 444 1772 487 legitur,
1790 445 1874 487 quod
1891 444 1983 475 etiam

1138 498 1169 528 in
1186 497 1374 528 Animadvv.
1395 508 1427 539 p.
1449 498 1518 536 167.
1542 496 1606 527 sine
1628 503 1701 526 nota
1723 496 1834 538 repetit
1848 496 1895 526 vir
1910 495 1983 526 doc-

1140 549 1282 579 tissimus.
1308 548 1390 579 Nolo
1402 555 1551 590 repetere,
1562 559 1634 589 quae
1647 547 1696 578 alii
1710 547 1748 578 de
1763 547 1810 578 his
1825 549 1986 586 τεμενικοῖς

1140 599 1340 641 disputarunt
1363 607 1394 630 et
1413 611 1485 641 quae
1508 599 1574 641 ipse
1597 598 1730 629 delibavi
1746 598 1777 629 in
1795 598 1984 630 Meletemm.

1142 651 1170 681 I.
1192 662 1222 692 p.
1238 652 1290 681 66.
1309 651 1363 691 (ef.
1380 650 1471 682 etiam
1490 650 1598 692 Steph.
1615 650 1711 681 Thes.
1731 650 1771 680 L.
1786 650 1844 681 Gr.
1868 661 1899 692 p.
1917 659 1985 690 199.

1141 711 1204 732 not.
1225 711 1253 733 2.
1278 703 1324 733 ed.
1341 713 1401 733 rec.
1421 702 1573 742 Londin.)
1618 702 1761 732 Fuerunt
1775 708 1877 731 autern
1896 700 1987 743 plura

1143 752 1235 783 Isidis
1247 753 1363 795 templa
1374 754 1484 784 Romae
1497 752 1708 793 (Brouckhus.
1722 752 1760 783 ad
1771 751 1887 783 Tibull.
1899 753 1987 794 p.62.

1143 805 1276 836 Reimar.
1289 805 1329 836 ad
1342 805 1436 836 Dion.
1448 807 1535 837 Cass.
1548 805 1568 836 l.
1581 805 1628 846 1.),
1641 805 1821 847 primarium
1835 804 1866 835 in
1878 815 1988 847 campo

1144 856 1262 887 Martio
1293 856 1411 896 (Schol.
1438 856 1584 888 Juvenal.
1602 857 1660 887 VI.
1684 866 1758 898 530.
1786 867 1817 898 p.
1842 865 1913 897 252.
1936 855 1987 886 ed.

1145 908 1298 938 Gramen:
1324 907 1385 937 “in
1403 908 1521 938 Martio
1535 919 1646 950 campo
1660 907 1810 950 templum
1828 906 1922 938 Isidis
1937 918 1989 938 ve-

1321 959 1360 990 cf.
1380 959 1544 1001 Wyttenb.
1561 959 1599 990 ad
1617 958 1776 990 Plutarch.
1792 958 1813 989 l.
1826 958 1862 999 l.)
1899 957 1988 989 Alte-

1143 1021 1212 1040 rum
1237 1009 1268 1040 in
1284 1010 1443 1041 Aventino
1467 1010 1546 1049 (vid.
1564 1010 1732 1051 Boettiger.
1749 1010 1785 1040 V.
1804 1009 1851 1040 Cl.
1874 1009 1905 1040 in
1931 1010 1988 1040 Sa-

1144 1061 1217 1091 bina
1234 1061 1261 1092 I.
1279 1072 1310 1102 p.
1324 1071 1396 1102 233.
1420 1061 1468 1092 ed.
1487 1061 1554 1102 alt.)
1600 1062 1672 1092 Jam
1690 1061 1714 1091 si
1729 1072 1862 1103 quaeras,
1878 1061 1908 1091 in
1925 1072 1989 1102 quo

1146 1113 1212 1143 haec
1229 1121 1297 1143 acta
1313 1113 1384 1149 sint,
1398 1124 1469 1154 qum
1483 1112 1677 1154 Porphyrius
1692 1112 1724 1142 h.
1735 1111 1757 1142 l.
1771 1120 1888 1142 narrat:
1905 1111 1991 1154 equi-

1145 1164 1214 1194 dem
1232 1164 1412 1195 crediderim
1432 1163 1620 1206 .'Egyptiuin
1637 1163 1724 1193 illum
1741 1163 1927 1193 sacerdotem
1945 1174 1991 1194 re-

1145 1215 1293 1257 ligionum
1304 1215 1488 1257 antiquitate
1498 1222 1684 1246 commotum
1697 1214 1796 1245 Isidis
1807 1214 1991 1255 Campensis

1146 1267 1251 1297 fanum
1269 1279 1326 1308 pro
1342 1278 1421 1309 puro
1437 1266 1590 1297 habuisse.
1616 1267 1669 1297 Cr.

242 1324 354 1356 Anebo
369 1322 429 1359 ille,
442 1321 481 1352 ad
494 1332 586 1362 quem
601 1319 766 1362 Porphyrii
777 1318 1083 1360 Epistola.‘'Fctbric.
1104 1324 1129 1352 D
1190 1330 1221 1360 p,
1242 1318 1294 1348 1Χῇ
1311 1318 1336 1348 ι).
1363 1319 1490 1357 anapo'v
1514 1322 1607 1357 φησιν
1630 1317 1739 1357 εὐρέι-υ]
1781 1316 1872 1347 Istud
1898 1318 1993 1356 φῆσαι

242 1377 281 1408 In
294 1374 422 1406 Eusebii
438 1374 539 1414 Praep.
555 1372 614 1402 Ev.
628 1371 666 1401 L.
685 1371 720 1400 V.
738 1382 770 1412 p.
785 1380 853 1411 199.
871 1378 900 1400 et
916 1377 986 1400 ante
1005 1370 1086 1399 Iam-

240 1427 333 1459 blich.
359 1425 398 1456 de
421 1423 582 1466 Mysten-iis
606 1423 765 1464 sEgyptt.‚
789 1421 827 1451 ad
851 1432 943 1463 quem
969 1420 1087 1451 Galeus

239 1491 271 1522 p.
287 1479 364 1509 182:
385 1482 403 1492 “
417 1476 498 1515 Πρὸς
514 1473 735 1511 τὸν-Ἀνεβώ.
761 1472 956 1514 Porphyrius
972 1472 1002 1502 in
1017 1472 1087 1502 Vita

241 1529 367 1565 Plotini,
391 1527 471 1558 idem
496 1526 524 1556 iu
552 1526 597 1555 II.
616 1524 694 1555 libro
717 1523 756 1554 de
779 1523 907 1554 Abstin.
932 1523 1032 1561 docet,
1057 1535 1087 1554 se

240 1592 311 1612 cum
332 1578 487 1621 r'Egyptio
509 1576 645 1619 quodam
669 1575 826 1606 sacerdote
849 1574 1086 1605 fimiiliaritatem

240 1632 380 1664 coluisse.
412 1628 557 1660 Eundem
575 1627 681 1658 laudat
698 1638 824 1669 quoque
842 1626 981 1662 Proeliis,
995 1627 1088 1657 Com—

1147 1381 1184 1399 ex
1202 1369 1293 1400 unico
1307 1369 1374 1399 loco
1391 1369 1609 1399 Demosthenis
1623 1369 1650 1399 Ι.
1663 1369 1712 1409 98.
1728 1367 1837 1398 Reisk.
1853 1379 1993 1410 compro-

1147 1421 1220 1451 bare
1237 1428 1355 1463 poterat
1374 1420 1510 1451 Fischer.
1528 1420 1567 1450 ad
1582 1420 1626 1450 W
1629 1419 1710 1450 eller.
1726 1419 1775 1450 II.
1791 1430 1819 1461 p.
1830 1427 1906 1459 495.
1930 1419 1993 1450 De-

1147 1472 1250 1503 dimus
1268 1472 1473 1514 plurimorum
1491 1471 1638 1502 librorum
1654 1470 1824 1501 lectionem.
1865 1470 1991 1501 Turba-

1149 1531 1215 1554 tum
1231 1535 1295 1554 esse
1311 1523 1341 1554 in
1361 1523 1391 1553 h.
1406 1522 1424 1554 l.
1449 1522 1553 1564 arguit
1576 1522 1666 1553 lectio
1683 1521 1758 1552 Cod.
1780 1521 1877 1552 Paris.
1925 1522 1992 1552 Ex-

1148 1575 1254 1617 plicari
1268 1583 1368 1605 tamen
1385 1574 1427 1605 ita
1441 1574 1547 1616 possit,
1559 1581 1593 1604 ut
1611 1581 1727 1604 statuas
1743 1572 1819 1603 illud
1836 1573 1930 1612 φησὶν
1945 1572 1992 1604 vel

1149 1626 1345 1657 referendum
1362 1638 1425 1656 esse
1448 1625 1487 1656 ad
1505 1625 1663 1656 Plotinum
1681 1624 1728 1655 vel
1745 1635 1800 1666 per
1816 1624 1992 1655 redundan-

241 1683 399 1716 mentariis
414 1683 443 1712 in
458 1680 593 1712 Platonis
607 1679 708 1709 Alcib.
722 1678 870 1721 priorem:
888 1677 970 1708 credi
987 1686 1088 1719 potest
1106 1683 1130 1711 Ε
1150 1677 1222 1708 tiam
1240 1689 1303 1707 esse
1318 1677 1471 1715 additum,
1486 1684 1516 1707 et
1539 1675 1739 1717 cogitandum
1753 1688 1817 1706 esse
1833 1687 1849 1706 e
1864 1687 1994 1717 sequen-

242 1737 336 1768 fuisse
351 1735 443 1770 idem,
460 1732 498 1763 ad
516 1743 608 1773 quem
634 1742 715 1761 nunc
739 1729 842 1760 scribit
860 1728 1088 1771 Porphyrius.”

244 1790 324 1819 Hace
349 1786 475 1817 Galcus.
523 1782 620 1814 Procli
644 1782 729 1812 locus
753 1781 796 1811 ita
822 1780 914 1811 habet
942 1780 1089 1810 XXIII.

248 1840 317 1881 198.
336 1835 522 1869 cd.Cousin.
539 1846 571 1876 p.
588 1843 637 1875 73.
657 1833 706 1864 ed.
724 1840 818 1863 nostr.
834 1844 840 1862 :
867 1832 923 1863 Διὸ
947 1832 981 1870 δὴ
1005 1832 1051 1862 καὶ
1074 1833 1090 1862 ὁ

245 1891 403 1931 Αἰγύπτιος
417 1888 468 1918 τὸν
482 1888 639 1917 Πλωτῖνον
653 1886 820 1922 ἐθαύμασεν
833 1884 870 1916 ὡς
886 1886 966 1914 θεῖον
983 1883 1091 1923 ἔχοντα

245 1943 296 1973 τὸν
311 1941 445 1979 δαίμονα.
806 1935 866 1965 Sed
884 1935 1011 1965 Cousin.
1029 1935 1091 1965 suis

245 2006 261 2023 e
277 1992 362 2023 libris
378 1990 490 2021 rectius
509 1988 660 2025 exhibuit,
676 1995 706 2018 ct
729 1987 772 2017 ita
794 1986 823 2017 in
848 1986 905 2017 hoc
928 1986 995 2016 loeo
1012 1987 1089 2016 I’or-

492 1939 542 1968 Ita
564 1936 630 1967 libri
654 1936 757 1966 nostri.

1150 1729 1234 1760 tibus
1250 1730 1265 1759 ὁ
1284 1729 1448 1768 Αἰγύπτιος,
1461 1727 1508 1758 vel
1525 1727 1690 1758 delendum
1706 1729 1800 1766 εὑρεῖν
1816 1738 1885 1757 cum
1901 1727 1993 1758 Paris.

1150 1789 1180 1812 et
1197 1780 1362 1822 legendum
1379 1779 1480 1819 φάναι.
1884 1778 1934 1808 De
1949 1777 1996 1808 his

1151 1831 1291 1863 formulis
1306 1842 1406 1873 nuper
1420 1830 1483 1861 dixi
1500 1830 1539 1861 ad
1556 1829 1710 1860 Heroclot.
1725 1830 1753 1860 I.
1767 1839 1817 1870 32.
1834 1840 1865 1870 p.
1880 1838 1928 1869 79.
1946 1829 1996 1860 ed.

1152 1883 1267 1914 Baehrii
1284 1890 1313 1913 et
1331 1894 1417 1913 meac.
1454 1881 1549 1912 Adde
1565 1881 1681 1911 Suieer.
1697 1880 1792 1910 Thes.
1808 1879 1926 1911 Eecles.
1946 1881 1996 1911 11.

1151 1947 1182 1978 p.
1201 1945 1271 1975 290.
1288 1941 1317 1964 et
1335 1934 1489 1964 IVetsten.
1508 1934 1549 1964 N.
1563 1933 1603 1963 T.
1622 1932 1671 1962 ΙΙ.
1687 1943 1718 1973 p.
1732 1941 1805 1972 319.
1854 1931 1903 1961 De
1926 1931 1996 1962 θεὸν

1152 1986 1231 2026 ἔχων
1246 1985 1297 2016 τὸν
1313 1986 1416 2023 δαίμοι·
1419 1997 1437 2015 α
1453 1995 1545 2026 supra
1560 1983 1702 2013 vidimus.
1740 1983 1785 2012 H.
1797 1982 1815 2012 l.
1832 1982 1997 2014 admonere

1529 1779 1606 1809 'Mox
1620 1791 1626 1808 :
1650 1778 1788 1817 μακάριος
1804 1778 1837 1808 εἷ.

246 2043 348 2086 phyrii
366 2042 435 2073 libri
452 2041 541 2071 etiam
560 2039 781 2070 nostriomnes
807 2037 913 2068 Habet
930 2037 1009 2068 hanc
1025 2048 1092 2068 nar·
1111 2046 1133 2074 F
1147 2038 1239 2080 juvat
1262 2035 1422 2078 Anonymi
1447 2036 1601 2077 Panegyr
1626 2034 1656 2064 in
1681 2034 1877 2065 Constantin.
1895 2035 1994 2066 VIII.

246 2095 395 2126 rationem
411 2092 482 2123 iude
498 2092 537 2122 ab
554 2092 711 2130 Αἱγύττιος
727 2101 824 2131 usque
840 2089 880 2120 ad
896 2089 948 2120 τὸν
964 2090 1093 2120 συνόντα

249 2145 356 2176 Codex
381 2151 483 2174 noster
500 2141 661 2173 Palatinus
681 2141 740 2171 Nr.
762 2150 831 2181 129.
855 2139 907 2170 fol.
923 2150 974 2179 41.
998 2146 1091 2170 recto.

250 2198 303 2228 Cr.

292 2259 323 2289 p.
344 2246 398 2276 lxi.
414 2252 437 2275 a·
468 2245 581 2284 γίνεται
607 2245 661 2282 μὲν
690 2244 722 2273 ἐν
746 2245 784 2284 τῷ
807 2241 905 2284 Ἰσείῳ
931 2243 948 2280 ἡ
977 2242 1092 2285 κλῆσις]

250 2297 381 2330 Plurimi
398 2295 491 2326 nostri
508 2294 679 2335 lib1i'1m'cp.
727 2293 788 2324 Sed
805 2304 875 2324 cum
892 2293 922 2323 in
939 2293 986 2323 his
1004 2293 1094 2323 rebus

250 2349 415 2381 Itacismus
437 2346 606 2388 plurimum
623 2345 678 2375 sibi
694 2344 867 2381 indulserit,
884 2344 978 2374 malui
996 2343 1093 2385 legem

250 2413 317 2432 serv
319 2411 381 2431 are.

250 2453 372 2495 phanus
388 2451 464 2491 Byz.
488 2460 518 2488 p.
535 2457 610 2489 335.
637 2448 681 2488 [p.
697 2447 784 2487 424]
810 2445 936 2476 Ἰστεῖου
954 2444 1092 2488 [Ισεῖοι]

251 2503 485 2543 προπερισπᾶται
502 2500 547 2529 καὶ
564 2501 740 2536 Νεμεσεῖον,
761 2498 806 2527 καὶ
822 2500 880 2527 τῶν
896 2497 953 2526 ὅσα
968 2497 1006 2535 μὴ
1022 2497 1054 2526 τὸ
1071 2497 1094 2527 δ’

253 2555 405 2594 ἐφύλαξαν
420 2553 594 2589 τεμενικῶνῑ
620 2560 683 2590 quo
698 2548 849 2578 refellitur
865 2547 979 2589 Corayi
995 2559 1095 2578 emen-

253 2605 336 2637 datio
348 2604 378 2634 in
391 2601 606 2633 HeliodXH.
621 2602 650 2630 ὅ.
666 2611 696 2641 p.
710 2600 785 2629 268:
804 2610 862 2641 pro
872 2598 985 2629 Ἴσειον
1001 2599 1094 2635 (Cod.

247 2657 359 2695 Ἰσιον)
371 2653 508 2684 Ἰσιὸεΐον
522 2651 683 2693 [Ἰσίδειον.
707 2651 789 2681 Nam
804 2651 846 2680 ita
861 2650 951 2680 scribi
962 2650 1095 2691 jusserat

255 2709 367 2748 Coray.
385 2704 423 2736 V.
438 2703 503 2745 CL]
530 2701 714 2745 reponentis.
762 2704 926 2741 Σεραπεῖον
940 2701 1004 2732 Dio
1020 2702 1095 2732 Cas-

1154 2098 1181 2119 2.
1198 2097 1228 2130 5.
1275 2091 1298 2106 “
1315 2088 1358 2117 H
1351 2087 1424 2117 abes
1439 2086 1578 2128 profecto
1593 2085 1717 2126 aliquod
1734 2097 1803 2115 cum
1821 2085 1872 2116 illa
1887 2086 1999 2117 ‹lizina

1153 2144 1252 2170 mente
1271 2143 1433 2175 secretum,
1449 2148 1531 2178 qum,
1547 2137 1614 2178 ddq
1610 2141 1689 2177 gala
1714 2137 1829 2167 nostris
1851 2137 1914 2167 diis
1936 2138 1997 2168 mi-

1153 2191 1281 2222 noribus
1304 2200 1394 2226 cura,
1415 2189 1472 2219 wli
1493 2199 1524 2218 se
1549 2188 1605 2218 tihi
1630 2188 1788 2229 dignatur
1807 2189 1997 2219 ostendere.”

1155 2244 1312 2274 Caeterum
1338 2240 1429 2271 etiam
1453 2239 1640 2270 Ammianus
1664 2238 1866 2269 Marcellinus
1890 2239 1996 2271 XXI.

1158 2303 1206 2332 14
1253 2291 1411 2322 Plotinum
1428 2290 1507 2321 inter
1522 2302 1573 2320 eos
1588 2290 1691 2327 r‹fert‚
1708 2302 1761 2332 qui
1785 2291 1903 2333 potiore
1919 2303 1998 2348 quo-

1155 2345 1226 2375 dan]
1241 2343 1332 2385 genio
1347 2350 1406 2372 Slnt
1424 2354 1478 2372 1151.
1526 2341 1579 2372 Ad
1601 2353 1643 2372 ‘11⁴¹
1637 2350 1820 2378 .gumentum
1843 2342 1882 2373 (le
1901 2343 1998 2384 genlIS

426 2397 566 2428 Lobeck.
589 2397 628 2427 ad
653 2395 822 2438 Phryuieh.
841 2406 869 2436 p.
882 2404 962 2436 372:
989 2399 1009 2412 “
1029 2398 1094 2425 Ste-
1113 2400 1140 2427 G
1155 2396 1203 2426 vel
1218 2395 1276 2425 diis
1299 2393 1482 2424 tutelaribus
1504 2393 1670 2423 adhibendi
1695 2402 1766 2424 sunt
1783 2393 1813 2423 hi
1830 2393 1887 2424 loci
1904 2394 1999 2425 Ploti-

1156 2445 1323 2477 nianiIII
1337 2454 1368 2485 5
1381 2445 1410 2475 6.
1428 2456 1457 2486 p
1475 2446 1545 2484 296.
1562 2445 1641 2475 B.C.
1658 2451 1688 2475 et
1704 2445 1760 2474 w
1772 2455 1802 2483 4.
1820 2454 1864 2483 14.
1878 2456 1909 2486 p.
1922 2446 1995 2486 687.

1157 2499 1195 2529 C.
1240 2498 1320 2527 Mox
1343 2495 1453 2526 retinui
1478 2497 1529 2528 τὰς
1551 2497 1654 2535 ὄρνεις,
1673 2502 1707 2526 ut
1730 2495 1760 2525 in
1784 2495 1850 2537 ipso
1873 2495 1998 2527 Plotino

1155 2561 1187 2591 p.
1205 2558 1276 2590 231.
1292 2548 1329 2578 B.
1349 2547 1401 2577 ubi
1426 2546 1507 2577 solus
1524 2546 1602 2577 Cod.
1618 2547 1687 2576 Vat.
1703 2546 1756 2576 dat
1772 2547 1850 2585 ὅρνις
1866 2546 1920 2585 (de
1935 2558 1998 2589 qua

1156 2599 1303 2630 varietate
1324 2597 1385 2628 vid.
1403 2597 1584 2628 Buttmanni
1603 2598 1659 2628 Gr.
1677 2598 1777 2628 Graee.
1794 2597 1886 2639 ampl.
1905 2600 1934 2639 ξ.
1947 2599 1998 2639 58.

1156 2663 1189 2693 p.
1208 2651 1295 2691 236.)
1332 2650 1446 2680 Noster
1461 2649 1500 2679 de
1516 2649 1642 2680 Abstin.
1659 2649 1717 2678 IV.
1733 2649 1787 2678 16:
1813 2649 1938 2687 ὀρνίθων
1953 2651 1999 2681 ἐν-

1156 2703 1291 2737 οικιδίων,
1311 2701 1363 2731 ubi
1380 2700 1441 2732 vid.
1458 2700 1573 2732 Rhoer.
1590 2711 1621 2742 p.
1635 2709 1673 2741 35
1678 2709 1706 2740 3.
1733 2700 1787 2730 Cr.
