2201 2990
288 199 365 236 342
424 183 768 224 ARGUMENT.
790 183 1018 223 MARSIL.
1040 183 1143 222 FIC.

289 282 435 319 homines,
452 289 482 312 et
503 281 644 312 animalia
662 280 803 323 quaedam
826 280 939 311 intuitu
961 280 1118 311 oculorum

290 333 377 356 extra
390 324 560 356 conficiant.
605 324 747 366 Denique
762 323 831 366 plus
846 323 969 354 luminis
984 334 1118 354 necessa-

290 368 369 399 rium
386 376 430 399 est
449 379 545 410 prope
565 367 729 409 objectum,
745 378 838 409 quam
861 378 956 409 prope
978 366 1118 396 oculum:

291 411 344 441 nbi
370 411 449 441 enim
480 410 582 441 radius
611 417 713 441 noster
737 410 897 448 emittitur,
923 409 1041 439 validus
1066 417 1121 440 est.

292 455 357 485 Nec
372 454 497 496 insuper
512 453 635 495 expedit
654 453 769 483 lumine
783 452 833 483 hic
849 452 986 483 uberiore
1009 452 1120 493 spargi,

292 497 344 528 sed
370 508 463 539 penes
487 496 641 538 objectum
662 496 727 537 jam
754 494 861 526 debilis
885 495 999 525 lumine
1025 494 1122 525 multo

292 540 424 577 fovetur,
437 539 544 570 eodem
558 550 612 581 per
627 539 781 580 objectum
797 538 936 579 protinus
951 537 1124 567 diffunden-

293 583 362 613 dus.
407 581 569 613 Probabile
589 582 669 612 enim
684 581 806 611 videtur
821 579 965 610 visualem
981 579 1061 610 oculi
1075 591 1123 609 ra—

294 625 379 656 dium
402 624 543 667 protendi
563 636 617 666 per
634 623 853 666 pyramidalem
873 622 1058 653 occurrentis
1080 622 1125 652 lu-

1166 182 1229 222 ΙΝ
1252 182 1360 221 LIB.
1382 181 1503 221 VIII.
1526 181 1781 221 ENNEAD.
1804 183 1859 221 II.

1164 280 1252 310 minis
1277 279 1469 310 latitudinem
1496 278 1632 321 ejusdem
1664 279 1785 310 luminis
1814 279 1998 310 adminiculo

1165 334 1269 353 versus
1291 322 1333 352 rei
1356 322 1496 353 videndae
1518 321 1721 360 latitudinem,
1743 330 1895 364 quatenus
1917 322 2000 353 vide-

1164 366 1234 396 licet
1255 365 1399 407 progredi
1422 364 1517 395 valet:
1543 371 1571 395 et
1596 365 1721 406 quando
1743 365 1783 395 sic
1806 365 1997 400 terminatur,

1165 409 1269 451 peragi
1287 408 1407 438 visionis
1423 408 1575 438 effectum.
1615 408 1784 449 Utriusque
1801 420 1872 438 vero
1888 407 1996 438 scilicet

1164 451 1241 482 radii
1257 450 1379 482 visualis
1401 459 1493 493 atque
1512 450 1635 481 luminis
1654 451 1801 481 uberioris
1820 451 1999 481 commercio

1166 494 1300 536 quodam
1329 494 1435 524 confici
1461 493 1606 523 visionem
1634 493 1723 524 Plato
1752 494 1783 524 in
1810 494 1941 530 Timaeo,
1971 502 2000 524 et

1169 537 1306 567 Galenus
1332 536 1570 577 Chaleidiusque
1596 536 1709 567 ibidem
1736 536 1846 567 docent
1872 544 1901 567 et
1932 548 1999 578 per-

1169 580 1301 621 spective
1327 579 1517 609 confirmant.
1566 579 1687 609 Lumen
1713 591 1785 610 vero
1811 579 1927 610 dictum
1955 578 2000 609 vel

1170 622 1254 652 radio
1270 620 1377 652 visuali
1392 627 1435 651 est
1452 620 1634 662 ingenitum,
1652 621 1698 652 vel
1714 622 1787 652 foris
1802 622 1985 653 adhibitum.
