2201 2990
630 171 693 210 IN
715 170 824 209 LIB.
848 168 969 208 VIII.
994 167 1250 208 ENNEAD.
1273 166 1492 205 PRIMAE.

206 273 367 310 delabitur,
382 272 494 302 interca
508 268 716 311 praecipitatur
728 266 758 297 in
769 265 893 297 malum.
928 266 1036 307 Ipsum

206 328 278 348 vero
293 315 407 347 malum
428 320 482 350 est,
499 311 582 353 quod
604 309 776 351 longissime
791 309 885 339 distat
905 320 923 338 a
946 308 1036 346 bono,

205 360 236 391 id
260 366 314 396 est,
336 355 471 388 informis
493 354 557 396 ipsa
583 352 689 383 mundi
713 351 847 383 materia.
895 351 1038 381 Secundo

207 403 271 433 loco
287 400 412 437 malum,
428 398 536 434 forma,
550 396 595 426 vel
611 395 742 437 qualitas
760 394 877 436 patitur
892 394 922 424 in
939 401 1036 424 mate—

204 445 248 476 ria
263 444 376 486 jacens,
400 452 470 482 quae
490 447 520 470 et
543 439 685 481 quaedam
707 438 841 468 materiae
860 437 970 479 passio,
988 436 1036 467 vel

205 485 322 518 affectio
345 483 478 515 exterius
501 482 624 524 agitatae
650 488 786 511 vocatur.
833 480 941 510 Tertio
971 479 1037 510 loco

206 529 317 561 malum
332 526 466 558 admittit
481 526 593 561 anima,
604 532 756 566 quatenus
772 523 883 554 affectu
900 522 1035 565 quodam

206 571 311 603 acriori
325 570 364 601 ad
379 569 535 599 materiam
551 568 731 598 inclinatur:
758 567 810 597 sed
828 566 884 597 hoc
900 566 1034 603 interest,

204 613 288 657 quod
310 612 435 643 materia
457 611 582 653 quidem
606 610 664 641 diei
688 609 916 652 quodammodo
938 617 1040 651 potest

206 655 374 689 substantia
389 654 476 685 mali:
501 654 668 696 composita
682 664 755 683 vero
776 664 813 683 ex
837 652 964 683 materia
979 654 1040 682 for-

205 711 315 742 maque
331 698 446 729 caduca
461 697 524 740 pati
545 697 575 727 in
598 696 798 727 substantiam
818 695 950 726 malum:
976 695 1039 726 ani-

205 754 285 774 mam
301 741 433 783 denique
455 752 515 771 non
534 740 563 771 in
580 739 759 777 substantia,
777 738 829 770 sed
844 739 875 769 in
891 738 1039 780 qualitate

206 785 338 828 quadam
354 792 383 815 et
398 784 552 814 accidente
564 783 678 814 malum
694 782 840 824 accipere.
873 783 960 813 Inter
972 782 1037 812 haec

208 829 348 860 Plotinus
363 828 474 870 ipsum,
490 826 573 868 quod
597 838 655 857 non
672 838 724 857 ens
739 825 923 868 appellatur,
941 825 1039 856 tribus

207 871 317 914 accipit
338 870 446 901 modis.
493 870 598 900 Primo
613 869 739 911 quidem
758 869 882 899 omnino
898 880 958 899 ηοη
975 880 1038 906 ens,

208 915 239 945 id
253 923 308 951 est,
324 914 464 945 nihilum.
511 913 664 951 Secundo,
680 924 750 943 vere
770 923 830 942 non
854 923 918 949 eus,
936 911 967 942 id
982 919 1038 948 est,

207 957 362 989 materiam
378 956 485 987 mundi
501 956 643 998 primam.
687 955 793 986 Tertio
814 966 874 985 non
890 967 960 985 vere
975 966 1038 991 ens,

209 1001 240 1032 id
264 1007 319 1039 est,
344 1000 473 1030 formam
500 999 634 1030 materia*
659 999 869 1035 inhaerentem,
893 998 1041 1040 composi-

209 1053 337 1086 tumque
357 1043 518 1074 caducum.
536 1042 607 1073 item
624 1042 824 1084 proprietates
844 1041 938 1083 hujus
949 1049 979 1071 et
994 1053 1042 1071 ac-

208 1087 346 1118 cidentia.
392 1087 495 1127 Atque
512 1085 564 1116 ubi
588 1085 763 1116 universum
781 1084 919 1115 sensibile
935 1083 1042 1126 appel-

208 1130 250 1161 lat
266 1141 318 1160 ens
338 1141 397 1160 non
415 1140 532 1166 verum,
549 1129 691 1170 intelligit
710 1127 864 1170 praecipue
880 1139 969 1158 omne
985 1127 1042 1157 sub

208 1174 281 1204 luna
295 1172 515 1214 compositum:
540 1172 623 1213 quod
637 1172 760 1202 omnino
775 1170 926 1208 sensibile,
938 1170 969 1201 id
985 1178 1041 1207 est,

208 1216 350 1247 omnibus
366 1215 502 1246 sensibus
517 1214 713 1257 perceptibile
729 1214 857 1244 dicitur:
883 1213 961 1244 entis
975 1213 1042 1255 qui-

209 1260 279 1290 dem
307 1259 469 1300 imaginem
485 1258 552 1289 vult
574 1270 637 1289 esse
660 1258 788 1288 formam
814 1257 853 1287 ab
876 1256 944 1287 idea
969 1268 1042 1298 pen-

210 1303 343 1340 dentem,
355 1313 483 1343 eamque
495 1301 675 1332 referentem
689 1314 695 1331 ;
714 1300 854 1331 umbram
866 1311 937 1330 vero
951 1300 1039 1337 entis,

210 1345 378 1382 materiam,
395 1356 465 1386 qua·
484 1356 545 1374 non
568 1345 607 1375 ab
628 1344 706 1382 idea,
723 1351 872 1385 quantum
894 1343 962 1373 idea
984 1351 1039 1379 est,

210 1388 372 1430 dependet,
397 1387 449 1418 sed
472 1395 622 1429 quantum
648 1386 775 1417 essentia
797 1386 964 1416 formabilis
986 1397 1041 1427 per

211 1431 310 1462 ideas:
344 1431 415 1461 item
446 1442 505 1460 non
536 1437 733 1472 repraesentat
761 1429 871 1460 ideam.
928 1428 1042 1459 Nullus

209 1474 289 1505 enim
309 1473 466 1504 materiam
490 1474 710 1515 introspiciens,
734 1472 885 1515 propriam
913 1471 1043 1513 alicujus

210 1517 286 1548 ideae
302 1516 407 1547 faciem
425 1516 638 1559 suspicabitur.
686 1516 735 1546 Ait
748 1515 903 1545 materiam
918 1526 977 1545 non
990 1526 1043 1545 ens

205 1560 421 1602 judicandam:
439 1571 499 1590 non
512 1560 635 1601 quidem
649 1559 725 1590 sicut
741 1558 881 1596 nihilum,
898 1558 949 1588 sed
965 1557 1043 1588 sieut

210 1602 347 1634 nonnihil
370 1614 388 1633 a
410 1602 508 1644 primo
528 1611 596 1633 ente
620 1603 751 1633 maxime
770 1601 896 1632 distans.
941 1600 999 1631 Ait
1013 1608 1043 1631 et

210 1646 338 1677 formam
361 1646 625 1687 compositumque
645 1657 703 1676 non
721 1657 756 1676 eo
772 1644 868 1675 solum
891 1644 988 1686 spatio
1003 1644 1042 1674 ab

210 1696 278 1720 ente
293 1689 392 1731 primo
413 1689 535 1727 distare,
551 1701 613 1731 quo
633 1696 729 1719 status
750 1688 799 1718 ille
820 1695 913 1729 atque
930 1694 1041 1725 motus,

211 1732 264 1774 qui
283 1732 312 1762 in
329 1732 428 1774 primo
447 1740 515 1763 ente
538 1740 706 1775 ponuntur,
724 1731 775 1762 sed
799 1731 897 1760 multo
918 1730 1042 1771 majore.

213 1777 281 1813 Quo
296 1787 368 1806 vero
392 1775 483 1805 modo
505 1775 535 1805 in
559 1776 625 1817 ipso
647 1783 716 1806 ente
740 1774 798 1804 sint
821 1773 872 1804 illa
892 1773 1042 1815 quinque,

212 1818 349 1856 essentia,
372 1825 484 1855 motuS,
506 1826 613 1855 status,
631 1818 722 1855 idem,
739 1818 880 1854 alterum,
897 1816 968 1846 alibi
984 1816 1044 1847 ‹lis-

212 1861 398 1903 putabimus.
442 1862 484 1892 Et
506 1862 643 1904 profecto
670 1861 728 1892 illic
753 1872 852 1902 neque
875 1867 976 1890 motus
999 1866 1043 1890 est

213 1904 313 1945 ipsum
336 1915 407 1934 ens:
431 1904 565 1947 alioquin
582 1905 685 1935 nullus
701 1905 757 1935 erit
773 1911 869 1934 status
889 1903 918 1932 in
942 1903 1042 1933 rebus.

214 1948 323 1988 Neque
348 1954 443 1978 status
465 1959 586 1978 rursum
613 1956 657 1978 est
683 1948 782 1990 ipsum
811 1958 882 1976 ens:
908 1946 1043 1988 alioquin

214 1989 289 2020 nihil
315 2001 441 2031 usquam
472 1991 662 2021 movebitur:
689 1991 741 2021 sed
770 1990 943 2020 differentes
968 1989 1046 2020 eutis

214 2032 412 2080 proprietates
427 2041 456 2064 et
471 2042 564 2064 actus.
598 2034 658 2064 Sed
674 2033 764 2064 missa
779 2033 808 2063 in
824 2032 986 2074 praesentia
1002 2033 1046 2062 fa-

214 2082 255 2105 eit
270 2075 346 2105 entis
361 2075 454 2117 ipsius
474 2077 615 2118 propria:
641 2076 756 2107 accedit
774 2084 876 2107 autem
900 2076 939 2106 ad
961 2087 1045 2117 quw-

215 2118 285 2148 dam
310 2129 370 2148 non
396 2119 482 2156 entis,
504 2119 535 2149 id
561 2127 616 2157 est,
640 2120 773 2150 materia*
797 2119 941 2161 propria:
973 2130 1044 2160 qua¹

215 2160 340 2203 quidem
355 2170 553 2203 opponuntur
565 2162 633 2200 illis,
645 2174 715 2204 quae
725 2162 819 2204 ipsius
835 2162 906 2192 boni
921 2162 1045 2204 propria

215 2204 403 2234 numeravit:
428 2204 556 2246 ideoque
576 2205 665 2244 hane,
681 2214 824 2247 tanquam
841 2216 859 2235 a
879 2205 960 2235 bono
979 2205 1043 2235 lon-

214 2247 336 2289 gissime
351 2246 582 2288 discrepantem,
598 2248 710 2279 malum
734 2249 834 2290 ipsum
853 2248 973 2290 judicat
993 2259 1045 2278 uo-

216 2289 402 2320 minandam.
439 2291 545 2332 Ipsum
562 2291 684 2332 quidem
701 2292 816 2321 boumn
834 2302 976 2321 mensura
990 2299 1047 2330 est,

215 2333 343 2364 materia
359 2344 429 2363 vero
446 2335 495 2370 (ut
518 2333 611 2375 liujus
626 2334 725 2364 verbis
746 2336 828 2374 utar)
846 2333 1046 2364 immensura-

217 2377 258 2407 tio
273 2375 403 2406 dicitur:
430 2375 501 2406 item
521 2376 647 2414 bonum,
662 2377 825 2407 terminus:
850 2377 985 2414 materia,
1004 2377 1047 2407 in-

216 2419 347 2449 finitum.
393 2420 544 2449 Praeterea
563 2418 619 2449 hoc
640 2419 779 2456 informe,
803 2419 879 2449 illud
897 2431 967 2449 vero
987 2420 1047 2450 for-

217 2469 333 2492 mator:
359 2461 415 2492 hoc
439 2472 581 2503 egenum,
598 2461 674 2491 illud
697 2470 802 2492 contra
824 2462 991 2492 sufficiens:
1017 2471 1047 2493 et

215 2517 286 2547 qua·
302 2512 482 2546 sequuntur.
521 2504 619 2545 Atqui
636 2504 893 2545 quemadmodum
911 2505 961 2535 illa
976 2505 1047 2535 boni

216 2547 350 2591 propria,
367 2555 518 2589 quatenus
534 2554 605 2576 sunt
629 2547 707 2577 intra
727 2547 853 2585 bonum,
870 2547 949 2577 idem
970 2547 1048 2578 inter

217 2604 247 2622 se
263 2598 344 2627 suut,
361 2591 523 2633 ipsinnque
537 2597 606 2619 sunt
622 2589 736 2619 bonum
752 2602 757 2619 :
783 2597 934 2631 quatenus
946 2598 1047 2621 autem

217 2634 256 2665 ad
273 2634 431 2675 sequentia
452 2633 638 2669 referuntur,
655 2633 732 2662 inter
755 2644 785 2662 se
808 2632 929 2662 differre
945 2633 1048 2663 viden-

219 2686 285 2707 tur:
310 2677 350 2707 sic
366 2685 395 2707 et
419 2676 552 2706 materia*
568 2675 701 2717 propria,
717 2686 778 2716 qua
794 2675 916 2716 quidem
934 2676 1049 2707 ratione

219 2720 247 2750 in
259 2719 384 2750 materia
399 2726 481 2757 sunt,
492 2730 587 2749 unum
599 2726 680 2755 sunt‚
692 2719 819 2760 ipsaque
830 2718 956 2749 materia
968 2731 973 2749 :
987 2731 1049 2761 qua

1841 178 1913 218 127

1082 276 1154 294 vero
1176 264 1215 294 ad
1239 263 1395 305 superiora
1416 267 1564 303 spectant,
1579 267 1610 291 et
1632 269 1858 303 comparantur,
1873 263 1918 293 di-

1082 318 1168 337 versa
1183 313 1364 337 censentur:
1389 304 1517 346 perinde
1537 311 1629 344 atque
1653 303 1799 333 linearum
1821 305 1916 345 signa,

1081 361 1152 392 quae
1167 349 1196 379 in
1213 356 1318 380 centro
1334 355 1405 378 sunt
1422 358 1530 384 unum,
1544 353 1614 376 sunt
1630 346 1660 375 in
1674 346 1918 378 circumferentia

1080 392 1189 423 multa.
1236 393 1322 422 Tum
1344 402 1416 421 vero
1440 390 1471 420 in
1495 389 1587 419 rebus
1610 388 1688 418 inter
1710 388 1803 418 deum
1827 398 1919 420 mate-

1081 436 1220 478 riamque
1235 434 1411 476 compositis
1425 440 1470 464 est
1486 431 1650 462 infinitudo
1666 431 1809 472 quandam
1821 440 1851 462 et
1863 440 1920 462 ter-

1080 479 1192 517 minus,
1208 486 1253 509 est
1265 477 1436 508 informitas
1451 484 1481 506 et
1496 474 1679 506 formositas.
1714 475 1825 515 Neque
1840 474 1918 504 idem

1080 530 1125 553 est
1140 534 1187 552 res
1199 522 1265 563 ipsa
1280 520 1459 562 composita,
1471 518 1556 561 quod
1568 526 1599 548 et
1615 517 1797 548 alterutrum
1809 517 1918 547 horum

1080 565 1312 608 oppositorum:
1337 562 1472 605 alioquin
1489 570 1542 592 aut
1564 573 1611 591 res
1636 561 1701 602 ipsa
1718 572 1778 590 non
1796 560 1921 591 haberet

1084 617 1262 649 utrumque,
1287 615 1342 638 aut
1367 606 1472 637 saltem
1496 605 1679 635 alterutrum
1703 611 1780 634 esset
1802 610 1922 633 utrum-

1082 664 1152 694 que.
1200 651 1231 682 Si
1247 650 1327 681 enim
1350 650 1416 681 haec
1436 649 1501 691 ipse
1516 648 1664 678 terminus
1681 646 1730 684 sit,
1745 658 1805 676 non
1827 646 1920 676 habe-

1083 695 1127 726 bit
1157 694 1358 725 infinitatem:
1385 693 1428 723 sin
1459 691 1592 722 infinitas
1619 690 1724 727 fuerit,
1756 689 1921 720 terminum

1081 750 1142 769 non
1158 737 1293 768 habebit.
1342 736 1371 767 Si
1393 735 1527 777 denique
1549 746 1596 764 res
1617 734 1683 763 lnee
1699 745 1753 775 per
1769 745 1799 763 se
1815 740 1845 763 et
1862 733 1920 763 hoc

1081 788 1111 812 et
1140 781 1217 812 illud
1242 780 1345 818 fuerit,
1371 786 1452 811 certe
1475 778 1556 808 idem
1589 783 1757 817 utrumque
1784 775 1919 806 restabit.

1084 825 1175 863 Quod
1192 836 1264 855 vero
1283 823 1431 854 terminus
1449 829 1479 852 et
1499 822 1598 851 forma
1619 820 1657 850 sit
1680 819 1812 850 infinitas
1828 819 1921 849 infor-

1083 868 1234 910 mitasque
1264 867 1415 909 opposita,
1439 876 1541 896 rerum
1572 870 1682 894 natura
1706 874 1765 892 non
1794 862 1921 904 patitur.

1085 911 1146 942 Sed
1161 910 1307 953 quoniam
1330 910 1419 940 mista
1439 908 1541 939 onmia
1557 919 1594 937 ex
1610 905 1758 948 oppositis
1773 913 1919 947 tanquam

1083 966 1144 985 non
1167 953 1362 995 integerrime
1389 951 1469 990 talia,
1494 950 1669 981 reducenda
1693 956 1765 979 sunt
1791 948 1828 978 ad
1853 948 1922 979 sim-

1083 997 1184 1040 plicia,
1206 996 1340 1038 taliaque
1360 1008 1452 1038 quam
1481 994 1630 1024 maxime:
1656 992 1724 1023 ideo
1749 1003 1841 1033 super
1864 991 1923 1021 for-

1083 1052 1165 1071 mam
1188 1049 1218 1071 et
1239 1039 1416 1077 terminum,
1436 1050 1507 1081 quae
1531 1044 1602 1067 sunt
1632 1036 1662 1066 in
1690 1035 1749 1065 alio
1772 1035 1923 1076 mistaque

1085 1091 1156 1115 suut
1179 1083 1337 1126 oppositis,
1361 1080 1589 1113 ascendendum
1613 1086 1657 1110 est
1679 1078 1719 1109 ad
1742 1078 1872 1108 formam
1894 1085 1922 1108 et

1086 1127 1262 1164 terminum,
1279 1138 1350 1168 quae
1366 1134 1437 1156 sunt
1453 1125 1482 1155 in
1500 1136 1530 1154 se
1546 1123 1618 1165 ipsis
1634 1130 1727 1163 atque
1747 1121 1919 1163 purissima.

1086 1171 1209 1201 Rursus
1232 1177 1344 1212 praeter
1374 1168 1591 1199 informitatem
1622 1164 1921 1205 infiuitudinemque,

1085 1225 1156 1255 quae
1169 1213 1282 1244 suntin
1295 1212 1353 1242 alio
1365 1211 1575 1254 oppositisque
1586 1209 1761 1250 conjuncta,
1774 1207 1812 1237 ad
1827 1207 1921 1249 ipsam

1086 1256 1302 1287 informitatem
1320 1255 1563 1295 infinitatemque
1579 1250 1827 1282 descendendum
1845 1250 1875 1280 in
1891 1262 1923 1280 se

1085 1299 1151 1341 ipsa
1166 1298 1344 1341 simpliciter
1364 1297 1582 1328 subsidentem.
1629 1293 1763 1325 Proinde
1784 1293 1836 1323 ubi
1854 1292 1924 1323 Plo-

1086 1343 1168 1373 tinus
1185 1342 1227 1373 ait
1240 1355 1246 1372 :
1273 1341 1364 1379 Quod
1380 1340 1490 1371 accidit
1503 1339 1578 1377 aliis,
1591 1338 1676 1380 prius
1691 1336 1808 1378 aliquid
1823 1336 1923 1377 ipsum

1086 1398 1149 1416 esse
1171 1385 1292 1423 debere,
1308 1395 1401 1425 quam
1425 1383 1559 1414 accidat:
1584 1393 1645 1411 non
1669 1380 1747 1410 dixit
1771 1379 1856 1421 prius
1880 1379 1925 1421 ip-

1087 1440 1153 1459 sum
1177 1428 1207 1458 in
1229 1440 1270 1466 se,
1287 1427 1333 1457 vel
1357 1438 1411 1469 per
1434 1439 1464 1457 se
1487 1432 1603 1462 extare,
1626 1435 1719 1465 quam
1742 1422 1870 1460 accidat,
1887 1434 1924 1452 ne

1086 1472 1164 1502 forte
1186 1471 1326 1502 accidens
1356 1470 1493 1500 crederes
1522 1480 1585 1499 esse
1612 1466 1822 1497 substantiam.
1870 1466 1924 1495 Tu

1087 1527 1158 1545 vero
1174 1514 1244 1545 ltine
1264 1521 1427 1550 memento,
1444 1512 1585 1549 calorem,
1602 1510 1655 1552 qui
1671 1508 1837 1550 aliquando
1852 1520 1923 1538 eon-

1087 1558 1177 1599 tingit
1193 1569 1293 1599 aquae,
1314 1556 1458 1598 quoniam
1482 1562 1512 1586 et
1533 1555 1563 1584 in
1585 1554 1643 1584 alio
1665 1559 1720 1589 est,
1736 1559 1766 1582 et
1788 1563 1826 1581 ex
1851 1552 1925 1581 aeci-

1086 1601 1169 1632 denti
1196 1600 1352 1642 competit,
1378 1599 1482 1630 reduci
1512 1598 1551 1629 ad
1581 1596 1710 1627 calorem
1736 1595 1833 1636 ignis:
1859 1595 1924 1636 qui,

1086 1644 1226 1686 quamvis
1242 1643 1279 1674 sit
1292 1643 1322 1674 in
1334 1643 1404 1680 alio,
1421 1654 1481 1673 non
1498 1649 1598 1672 tamen
1616 1651 1652 1670 ex
1669 1637 1857 1679 contingenti
1873 1637 1926 1668 ad-

1086 1700 1150 1718 esse
1175 1687 1298 1723 dicitur,
1324 1686 1376 1717 sed
1401 1693 1522 1716 natura.
1570 1685 1665 1714 Hunc
1689 1681 1822 1722 denique
1847 1680 1926 1711 ealo-

1087 1742 1149 1761 rem
1166 1730 1263 1772 redigi
1279 1729 1318 1760 ad
1334 1729 1430 1771 ipsam
1447 1728 1554 1759 caloris
1568 1726 1679 1762 ideam,
1693 1736 1763 1766 quae
1779 1732 1809 1754 et
1824 1735 1880 1765 per
1894 1736 1924 1754 se

1082 1774 1146 1816 jam
1163 1781 1193 1804 et
1208 1786 1238 1804 se
1254 1773 1320 1815 ipsa
1340 1772 1484 1803 consistit.
1533 1770 1581 1801 Sic
1602 1770 1716 1810 itaque,
1734 1768 1822 1803 sicut,
1839 1767 1924 1808 quod

1088 1829 1142 1859 per
1157 1816 1298 1847 accidens
1313 1824 1368 1852 est,
1385 1815 1423 1846 ad
1441 1814 1528 1853 illud,
1543 1813 1627 1856 quod
1649 1811 1817 1842 seeundum
1834 1817 1923 1840 natu-

1087 1872 1150 1890 ram
1175 1860 1264 1896 inest,
1289 1859 1432 1897 refertur,
1456 1858 1509 1895 ita,
1533 1856 1617 1898 quod
1641 1855 1671 1885 in
1694 1854 1753 1885 alio
1768 1854 1861 1895 jacet,
1885 1852 1925 1883 ad

1087 1903 1175 1941 illud,
1199 1902 1283 1945 quod
1309 1902 1339 1932 in
1365 1914 1396 1932 se
1416 1901 1481 1943 ipso
1505 1899 1649 1931 consistit.
1698 1897 1840 1938 Denique
1864 1907 1925 1926 me-

1089 1954 1203 1983 mento,
1220 1946 1299 1976 mala
1315 1956 1416 1975 rerum
1434 1944 1539 1975 formis
1559 1942 1694 1973 accidere
1708 1953 1714 1971 :
1739 1952 1839 1981 neque
1854 1951 1927 1969 casu

1089 1989 1258 2020 duntaxat:
1283 1988 1427 2019 continue
1451 1998 1584 2028 namque
1610 1991 1822 2027 perpetuaque
1852 1982 1927 2013 serie

1090 2032 1215 2063 veniunt
1231 2045 1236 2062 ε
1261 2043 1361 2073 neque
1377 2043 1414 2062 ex
1429 2031 1494 2073 ipsa
1514 2037 1625 2060 natura
1639 2028 1757 2064 formae,
1773 2038 1844 2068 quae
1861 2034 1926 2056 tau-

1089 2076 1158 2106 dem
1176 2075 1316 2117 provenit
1334 2086 1351 2105 a
1368 2074 1467 2116 prima
1483 2074 1592 2109 forma,
1609 2071 1640 2102 id
1657 2077 1712 2107 est,
1729 2082 1746 2100 a
1761 2076 1862 2099 mente
1878 2068 1926 2099 di—

1090 2119 1169 2157 vina,
1185 2131 1219 2149 ea
1235 2118 1373 2148 videlicet
1396 2117 1522 2153 ratione,
1541 2127 1602 2157 qua
1622 2125 1707 2144 mens
1722 2124 1867 2144 conversa
1883 2119 1928 2142 est

1089 2162 1118 2192 in
1146 2162 1272 2192 bonum.
1319 2161 1525 2198 Quamobrem
1546 2166 1576 2189 et
1596 2158 1635 2188 ab
1658 2156 1829 2188 extrinseco
1852 2154 1927 2185 scito

1089 2205 1241 2236 confluere
1257 2203 1347 2241 mala,
1364 2211 1394 2234 et
1409 2203 1461 2234 illo
1476 2202 1600 2244 quidem
1625 2199 1775 2243 principio
1790 2198 1927 2240 quodam

1089 2248 1311 2279 determinato:
1338 2258 1397 2277 non
1427 2253 1507 2277 certe
1533 2244 1682 2287 principio
1709 2242 1793 2272 velut
1817 2242 1927 2277 forma,

1090 2292 1152 2322 sive
1168 2290 1287 2322 formali
1303 2289 1437 2332 quodam
1452 2302 1458 2319 ε
1478 2288 1572 2330 igitur
1584 2299 1602 2318 a
1615 2286 1752 2317 materia.
1787 2284 1927 2315 Primum

1090 2335 1184 2377 igitur
1203 2333 1327 2364 materia
1344 2332 1456 2363 malum
1472 2344 1477 2362 z
1504 2331 1581 2361 sieut
1597 2337 1626 2360 et
1648 2330 1729 2360 bona
1744 2330 1761 2359 a
1777 2327 1928 2370 principio

1091 2389 1192 2408 rerum
1213 2377 1329 2419 primo:
1355 2375 1429 2406 illud
1454 2374 1549 2416 igitur
1572 2374 1671 2415 ipsum
1696 2372 1822 2402 bonum.
1870 2371 1927 2401 Su-

1091 2421 1209 2463 periora
1226 2420 1267 2451 sic
1285 2420 1394 2450 iterum
1407 2419 1636 2449 confirmantur.
1676 2415 1823 2445 Videmus
1838 2413 1868 2443 in
1882 2425 1927 2443 re-

1090 2476 1159 2495 rum
1182 2463 1288 2494 ordine
1311 2462 1431 2504 singula
1453 2473 1489 2492 ex
1515 2459 1651 2503 potentia
1672 2458 1819 2500 quadam,
1839 2463 1926 2487 aetu-

1091 2519 1151 2548 que
1174 2506 1326 2548 componi,
1344 2505 1374 2535 id
1395 2511 1451 2541 est,
1476 2516 1513 2534 ex
1538 2511 1648 2534 natura
1672 2500 1824 2532 formabili
1843 2508 1927 2530 aetu-

1091 2562 1151 2591 que
1170 2549 1289 2580 formali
1312 2547 1472 2579 constitui:
1499 2554 1529 2577 et
1551 2557 1622 2587 quae
1645 2544 1746 2575 media
1768 2554 1869 2573 rerum
1887 2549 1928 2588 te-

1092 2600 1165 2623 nent
1189 2604 1226 2623 ex
1255 2592 1393 2633 utrisque
1420 2589 1570 2632 oppositis
1594 2600 1683 2630 aequa
1708 2586 1845 2628 portione
1872 2592 1928 2630 rite

1092 2635 1275 2666 commixta:
1302 2635 1353 2665 sed
1377 2645 1469 2674 supra
1493 2632 1627 2663 medium
1652 2629 1766 2661 ordinis
1785 2628 1927 2674 universi,

1092 2678 1281 2708 finanabilem
1300 2677 1468 2719 potentiam
1485 2676 1523 2705 ab
1539 2682 1608 2705 actu
1620 2672 1738 2703 formali
1753 2682 1847 2717 magis
1861 2680 1929 2709 gra-

1093 2721 1186 2752 datim
1204 2720 1362 2762 magisque
1384 2718 1507 2750 excedi:
1533 2718 1564 2748 in
1585 2716 1718 2747 medium
1738 2714 1865 2744 vicissim
1881 2723 1928 2742 ae-
