2201 2990
819 369 1422 425 EXHORTATIO

462 510 863 560 MARSILII
929 509 1196 560 FICINI
1260 508 1779 560 FLORENTINI

1093 638 1115 658 A
1120 636 1142 659 D

567 730 906 774 AUDITORES,
936 732 1007 768 ET
1036 730 1331 767 LEGENTES
1359 730 1668 768 PLOTINUM.

930 867 1291 891 4-

252 965 536 1020 PRINCIPIO
561 996 622 1018 vos
648 996 768 1018 omnes
792 985 974 1024 admoneo,
999 986 1060 1029 qui
1085 985 1245 1018 divinum
1272 986 1428 1019 audituri
1454 986 1636 1020 Plotinum
1664 987 1733 1021 huc
1757 988 1930 1026 acceditis,
1949 993 1989 1021 ut

248 1044 433 1078 Platonem
453 1044 580 1087 ipsum,
599 1043 664 1076 sub
685 1043 816 1076 Plotini
836 1054 985 1086 persona
1003 1044 1216 1087 loquentem,
1238 1055 1298 1077 vos
1318 1045 1502 1078 audituros
1522 1046 1742 1079 existimetis.
1795 1046 1876 1079 Sive
1895 1047 1988 1079 enim

250 1102 352 1136 Plato
370 1103 549 1146 quondam
573 1102 609 1134 in
629 1101 771 1134 Plotino
796 1102 925 1134 revixit
945 1101 1053 1145 (quod
1079 1102 1179 1135 facile
1204 1102 1304 1135 nobis
1325 1102 1555 1148 Pythagorici
1574 1103 1724 1146 dabunt)
1745 1105 1818 1137 sive
1837 1104 1988 1137 Daemon

248 1160 338 1193 idem
361 1160 544 1193 Platonem
564 1160 705 1203 quidem
726 1160 824 1202 prius
846 1159 992 1199 afflavit,
1011 1160 1136 1193 deinde
1156 1171 1238 1193 vero
1256 1160 1450 1199 Plotinum,
1470 1162 1563 1204 quod
1583 1161 1757 1195 Platonici
1778 1163 1865 1195 nulli
1884 1174 1989 1207 nega-

248 1217 357 1250 bunt:
386 1219 529 1251 omuino
548 1219 722 1261 aspirator
741 1218 831 1250 idem
852 1230 889 1250 os
910 1218 1131 1251 Platonicum
1158 1218 1265 1258 afflat,
1285 1223 1390 1261 atque
1411 1218 1637 1252 Plotinicum.
1691 1220 1759 1252 Sed
1784 1220 1821 1252 in
1841 1220 1989 1253 Platone

248 1276 389 1319 quidem
418 1276 569 1308 afflando
594 1276 758 1319 spiritum
785 1276 934 1309 effundit
958 1276 1177 1309 uberiorem:
1205 1277 1241 1308 in
1262 1276 1404 1309 Plotino
1431 1281 1548 1309 autem
1574 1277 1697 1310 flatum
1725 1278 1987 1322 augustiorem:

248 1344 288 1366 ac
312 1345 354 1366 ne
378 1334 618 1378 augustiorem
638 1334 799 1373 dixerim,
818 1335 942 1366 saltem
966 1345 1036 1366 non
1060 1334 1178 1366 minus
1203 1338 1407 1379 augustum,
1426 1345 1682 1378 nonnunquam
1708 1334 1818 1368 ferme
1842 1336 1987 1379 profun-

247 1391 391 1424 diorem.
445 1391 543 1424 Idem
566 1391 685 1434 itaque
709 1402 840 1424 numen
864 1402 927 1434 per
944 1402 982 1424 os
1007 1395 1197 1435 utrumque
1222 1391 1378 1425 humano
1396 1393 1517 1437 generi
1536 1393 1659 1426 divina
1682 1392 1801 1426 fundit
1825 1395 1987 1427 oracula:

246 1448 433 1492 utrobique
459 1449 685 1493 sagacissimo
712 1449 865 1492 quodam
892 1448 1083 1492 interprete
1110 1449 1240 1494 digna:
1268 1461 1378 1493 quum
1402 1449 1491 1495 [Ed.
1511 1461 1583 1494 prc.
1602 1448 1681 1498 qui]
1709 1451 1758 1484 ibi
1783 1452 1925 1495 quidem
1950 1452 1987 1485 in

246 1507 448 1540 evolvendis
474 1506 722 1551 figmentorum
748 1506 929 1539 incumbat
953 1507 1166 1540 involucris:
1194 1508 1251 1541 hic
1270 1519 1352 1541 vero
1372 1513 1449 1541 tum
1474 1509 1509 1541 in
1529 1509 1767 1552 exprimendis
1795 1510 1987 1543 sacratissi-

245 1565 312 1597 mis
337 1561 423 1611 [Ed.
442 1575 513 1608 pre.
532 1561 795 1612 secretissimis]
819 1564 950 1608 ubique
974 1564 1145 1605 sensibus,
1163 1570 1238 1598 tum
1264 1566 1301 1598 iu
1324 1567 1555 1610 explanandis
1581 1567 1697 1601 verbis
1721 1579 1828 1611 quam
1854 1567 1986 1601 brevis-

245 1623 343 1655 simis
367 1623 573 1667 diligentius
598 1622 763 1655 elaboret.
817 1623 1034 1656 Mementote
1058 1627 1240 1667 praeterea,
1260 1635 1322 1657 vos
1340 1624 1436 1657 haud
1455 1636 1634 1669 quaquam
1652 1626 1708 1658 vel
1725 1637 1830 1659 sensu
1848 1626 1985 1665 comite,

245 1681 300 1713 vel
319 1680 474 1714 humana
494 1681 629 1714 ratione
648 1681 746 1719 duce,
765 1681 824 1713 sed
849 1685 966 1714 mente
984 1682 1138 1725 quadam
1164 1681 1368 1715 sublimiore
1393 1684 1566 1716 excelsam
1586 1682 1720 1716 Plotini
1745 1688 1899 1717 mentem
1926 1695 1984 1726 pe-

244 1743 456 1772 netraturos.
510 1737 672 1771 Profecto
693 1741 747 1780 (ut
767 1738 947 1772 Platonice
969 1740 1108 1783 loquar)
1128 1744 1273 1773 caeteros
1300 1740 1460 1774 homines
1487 1741 1676 1774 rationales
1704 1742 1840 1774 animos
1867 1742 1985 1784 appel-

244 1797 378 1829 lamus:
408 1796 590 1829 Plotinum
610 1807 692 1829 vero
711 1808 782 1830 non
807 1798 977 1837 animum,
996 1798 1056 1830 sed
1075 1798 1304 1831 intellectum.
1357 1798 1415 1832 Sic
1439 1810 1561 1832 omnes
1586 1810 1666 1832 eum
1688 1799 1901 1843 philosophi,
1920 1810 1984 1832 suo

244 1855 370 1894 seculo,
389 1855 586 1898 praesertim
606 1853 792 1895 Platonici,
811 1855 1052 1888 nominabant.
1104 1855 1225 1899 Atque
1250 1856 1388 1889 utinam
1413 1857 1451 1889 in
1476 1858 1654 1901 mysteriis
1681 1857 1789 1902 hujus
1813 1857 1984 1900 interpre-

245 1912 372 1952 tandis,
397 1912 649 1945 adminiculum
677 1912 880 1957 Porphyrii,
900 1918 961 1946 aut
980 1912 1178 1953 Eustochii‚
1198 1919 1259 1947 aut
1278 1914 1432 1954 Proculi,
1452 1915 1512 1958 qui
1536 1915 1669 1948 Plotini
1693 1915 1802 1948 libros
1823 1915 1984 1959 disposu-

244 1975 358 2010 erunt,
377 1975 483 2015 atque
501 1975 751 2014 exposuerunt,
770 1970 870 2004 nobis
895 1971 1041 2004 adesset.
1095 1970 1205 2015 Spero
1224 1976 1342 2005 tamen
1361 1972 1408 2012 id,
1428 1973 1522 2016 quod
1547 1973 1739 2007 admodum
1757 1973 1893 2006 felicius
1918 1977 1982 2012 est,

245 2028 403 2061 divinum
432 2028 604 2062 auxilium
632 2029 669 2061 in
696 2029 920 2062 traducendis
947 2029 1233 2073 explicandisque
1255 2031 1386 2064 divinis
1406 2030 1540 2064 Plotini
1558 2031 1658 2065 libris
1677 2031 1839 2064 Marsilio
1858 2030 1982 2063 Ficino

244 2096 314 2118 non
332 2085 547 2119 defuturum.
601 2085 669 2119 Sed
688 2086 765 2131 jam
784 2086 982 2120 coelestibus
1009 2087 1092 2121 hinc
1117 2088 1282 2131 auspiciis
1306 2093 1340 2121 et
1364 2100 1426 2122 nos
1451 2089 1495 2122 ad
1514 2089 1797 2122 transferendum
1826 2088 1979 2132 primum

246 2141 377 2176 Plotini
395 2143 536 2184 librum,
555 2149 590 2177 et
607 2149 817 2189 argumento
836 2145 990 2178 breviter
1007 2146 1265 2189 exponendum,
1284 2147 1508 2191 reliquosque
1527 2148 1701 2191 deinceps,
1720 2147 1868 2180 feliciter
1887 2157 1981 2180 acce-

244 2200 376 2234 damus.
429 2201 479 2235 Et
497 2213 558 2235 vos
578 2201 764 2236 Platonem
782 2203 899 2246 ipsum
918 2204 1112 2237 exclamare
1131 2205 1180 2238 sic
1198 2216 1282 2250 erga
1302 2205 1484 2239 Plotinum
1502 2206 1731 2240 existimetis:

671 2316 742 2348 Οἶος
757 2315 910 2352 πέπνυται,
928 2316 997 2347 τοίδ’
1014 2318 1051 2349 ὡς
1067 2319 1146 2349 σκιαὶ
1162 2318 1313 2350 ἀΐσσουσι·

715 2368 779 2398 Istc
795 2367 875 2410 sapit
891 2368 983 2405 solus,
1000 2368 1130 2401 volitant
1145 2370 1256 2412 reliqui
1273 2370 1351 2402 sicut
1367 2371 1495 2402 umbrae.

377 2475 453 2517 [Ed.
470 2487 533 2518 pre.
551 2476 645 2518 hujus
661 2488 767 2509 versus
782 2478 865 2509 loco:
891 2479 958 2510 Hic
972 2480 1116 2521 estfilius
1132 2492 1217 2512 meus
1233 2481 1371 2520 dilectus,
1387 2483 1421 2513 in
1437 2493 1495 2524 quo
1511 2482 1586 2513 milei
1602 2482 1738 2525 undique
1751 2484 1856 2525 placeo
1866 2497 1874 2512 .-

456 2528 558 2569 1ἰμςιιφη
573 2528 709 2571 audita]

1186 2755 1247 2790 b2
