2201 2990
579 123 736 154 VITAM
760 121 987 152 AUCTORE
1012 120 1300 151 PORPHYRIO.
1325 133 1354 163 p.
1374 121 1468 153 lxxvi.
1486 122 1590 153 lxxvii.

1848 125 1961 156 cxxxiii

253 223 282 254 p.
300 210 395 242 lxxvi.
412 221 456 240 vs-
473 218 524 250 39.
550 208 595 238 καὶ
612 207 733 245 νήνεμος
748 206 855 246 αἰθήρ]
883 205 977 236 I'lcne
992 205 1052 235 (lis-
1070 206 1095 232 A
1115 205 1240 247 scriptio
1259 217 1309 247 ap.
1328 206 1454 236 Gruter.
1473 219 1503 247 p.
1518 208 1681 239 DCCIII.
1699 220 1745 239 nr.
1758 219 1786 251 3,
1808 212 1853 241 καὶ
1869 214 1959 244 μαίας

210 263 286 293 tinxi
302 270 370 304 post
386 260 477 299 αἰθὴρ,
495 258 635 300 quamvis
657 257 735 287 absit
753 255 908 286 distinctio
930 255 969 285 ab
986 256 1048 286 Ed.

210 315 279 344 Bas.
296 321 325 344 et
338 312 432 343 Fabr.
451 309 652 351 reliquisque:
678 307 812 348 indeque
827 306 943 337 correxi
959 306 1048 336 etiam

207 364 373 395 versionem
401 360 556 392 Latinam.
604 358 761 388 Sententia
792 357 955 399 perspicua
985 357 1049 388 hzec

205 423 250 446 est
264 413 377 453 (deleta
392 411 535 442 nimirum
551 409 671 451 virgula
683 417 751 451 post
765 409 837 441 Διὸς
849 420 937 438 versu
952 411 1046 450 seq.):

204 465 222 504 ᾗ
242 465 378 503 νέμονται
399 463 529 501 (ἄνδρες)
551 463 653 501 γενεῆς
673 461 810 500 χρυσείης
833 461 875 498 (οἱ
890 462 954 499 τοῦ)
977 461 1049 492 Διὸς

202 516 333 556 μεγάλου
350 515 445 554 (υἱοὶ),
460 514 560 544 Μίνως
576 513 621 542 καὶ
635 511 834 550 Ῥαδάμανθυς
851 524 875 541 κ.
887 523 912 540 τ.
923 514 951 540 λ.
979 511 1045 541 Mr.

244 578 273 609 p.
286 566 381 597 lxxvi.
399 577 445 595 vs.
457 575 505 603 40.
530 562 580 603 ᾗχι
597 563 734 601 νέμονται
751 563 863 602 Μίνως]
893 561 962 592 Vid.
980 561 1046 592 l’la-
1064 565 1087 592 B

202 626 264 650 ton.
282 617 417 660 Apolog.
437 618 520 646 Soc-r.
543 626 572 657 p.
589 625 640 653 4¹-
663 625 693 655 p.
716 614 786 654 138.
805 612 902 643 Bekk.
927 613 976 643 ubi
1000 613 1045 643 his

194 669 354 712 judicibus
384 666 598 709 Triptolemus
627 664 762 695 additur.
802 665 899 705 Gorg.
923 674 996 706 523.
1018 677 1042 695 e.

197 730 272 762 524.
284 732 309 750 a.
326 721 370 761 (p.
386 720 453 759 165.
467 716 581 755 Bckk.)
600 724 629 746 ct
646 715 934 746 -Esc11i11.Axi0ch.
952 718 980 756 ξ.
998 727 1041 756 ¹9·

199 781 248 803 20.
265 782 334 802 cum
356 772 474 800 Annot.
491 767 626 798 Fischer.
646 779 675 809 p.
697 770 765 807 163.
805 767 916 797 Monet
939 774 1041 797 autem

197 821 336 865 sequenti
355 821 454 863 capite
472 818 675 861 PorphyriuS,
694 818 852 848 Plotinum
870 817 928 848 illis
944 818 1041 849 heroi-

195 874 254 904 bus
277 873 324 903 hic
339 884 398 902 non
416 879 450 902 ut
465 870 625 913 judicibus
648 881 807 912 apparere,
824 870 875 900 sed
893 877 1039 911 tanquam

195 923 460 955 sodalibus—Vs.
476 931 528 961 42.
556 920 605 961 ᾗχι
628 920 766 956 Πλάτων,
793 921 853 960 ἱερὴ
875 921 911 956 ἲς,
936 921 988 962 ᾗχί
1009 935 1040 953 τε
1059 928 1082 955 C

195 976 282 1007 καλὸς
298 975 481 1014 Πυθαγόρης,
499 972 612 1014 OdySS.
628 976 658 1011 β.
674 981 755 1011 409:
783 972 842 1011 ἱερὴ
861 971 887 1004 ἲς
902 973 1038 1011 Τηλεμά-

192 1040 267 1068 χοιο.
295 1026 335 1057 cf.
351 1039 380 1057 π.
397 1028 468 1064 476.
515 1023 674 1066 Anonymi
701 1023 904 1066 Epigramma
934 1024 1036 1066 sepul-

192 1077 271 1108 crale
294 1077 324 1108 in
349 1076 478 1107 Authol.
500 1076 558 1106 Gr.
578 1076 655 1106 VII.
673 1077 746 1116 363.
774 1076 827 1116 (T.
846 1075 873 1105 Ι.
892 1085 965 1114 410.
983 1077 1038 1106 Ja-

191 1129 307 1168 cobs.):
334 1128 417 1168 ψυχῆ
434 1129 464 1157 δὲ
482 1126 540 1157 κατ’
555 1126 688 1166 οὐρανὸν,
704 1125 757 1166 ᾗχί
770 1140 824 1166 περ
835 1126 972 1167 Ὀρφεὺς,
987 1127 1037 1169 ᾗχι

192 1179 321 1210 Πλάτων
338 1179 415 1219 ἱερὸν
432 1178 612 1218 θεοδέγμονα
629 1180 721 1208 θῶκον
739 1179 873 1217 ἐφεῦρεν.
912 1179 1034 1209 AEschi-

192 1242 244 1261 nes
260 1230 404 1261 Axiocho
421 1230 449 1260 in
464 1230 623 1260 beatorum
636 1229 699 1259 vita
711 1229 909 1259 describenda
924 1241 1036 1261 memo-

1111 256 1249 295 μακάρων
1265 256 1371 294 wivom-
1387 258 1473 295 θαλίῃ
1491 258 1534 287 ἐνὶ
1549 261 1657 296 πολλῇ.
1692 261 1747 290 Cr.

1154 319 1184 349 p.
1202 306 1295 337 lxxvi.
1322 319 1365 338 vs.
1380 309 1432 346 46.
1457 307 1478 337 ὦ
1500 308 1604 347 μάκαρ,
1629 310 1793 351 ὅσσους-]
1827 312 1955 344 Videtur

1111 358 1140 388 iu
1159 358 1237 389 Cod.
1254 358 1344 388 Leid.
1362 358 1508 400 scriptum
1526 358 1547 389 ὦ
1561 359 1668 398 μάκαρ,
1680 372 1867 402 (μιοηκμιτιιη
1885 363 1955 394 inde

1112 409 1375 451 IVyttenbachius
1398 410 1532 440 enotavit
1556 409 1583 445 ἆ,
1601 411 1697 452 quod,
1713 423 1783 441 cum
1807 412 1855 442 alii
1877 426 1954 454 quo-

1109 473 1170 502 que
1187 461 1275 491 bonae
1293 468 1372 491 nota*
1394 461 1460 491 libri
1485 461 1676 499 exhiberent,
1693 463 1873 504 recepimus.
1911 466 1954 496 Et

1108 512 1178 542 alibi
1204 524 1329 554 quoque
1356 512 1508 543 fluctuant
1536 512 1603 543 libri
1632 513 1710 544 inter
1736 512 1758 543 (Β
1781 522 1810 544 et
1835 513 1853 544 εἷ
1878 515 1953 553 (vid.

1108 563 1200 593 modo
1231 564 1347 606 Heynii
1375 564 1464 594 obss.
1492 564 1521 594 iu
1552 564 1642 595 Iliad.
1665 569 1696 595 λ.
1719 575 1793 603 441.
1826 576 1853 606 p.
1884 567 1952 605 198.

1108 615 1211 646 Schol.
1236 615 1267 645 in
1291 615 1402 657 Odyss.
1421 619 1446 653 ξ.
1463 616 1535 656 361.
1562 627 1592 657 p.
1611 625 1685 655 447.
1702 616 1849 655 Bottia).
1896 618 1953 648 Est

1107 678 1177 697 vcro
1201 667 1369 698 secundum
1391 667 1617 698 Grammaticos
1640 666 1658 697 ἂ
1681 667 1821 697 universe
1842 670 1952 705 θαυμα-

1105 719 1214 754 στικὸν,
1234 719 1420 761 poniturque
1437 730 1517 760 swpe
1533 730 1589 760 pro
1605 717 1626 748 ὦ
1645 718 1699 757 (cf.
1719 718 1818 749 Scholv
1839 719 1867 749 in
1888 719 1953 750 l'la-

1105 778 1169 800 ton.
1187 782 1216 812 p.
1235 780 1304 811 134.
1320 782 1364 812 sq.
1398 769 1529 800 Ruhnk.
1548 769 1664 812 Apion.
1683 770 1785 801 Gloss.
1804 771 1950 801 Homcrr.

1103 832 1132 863 p.
1145 823 1217 852 601.
1234 821 1271 851 ad
1289 821 1362 852 calc.
1380 821 1517 864 Etymol.
1535 821 1653 861 Gud.);
1679 833 1775 863 quare
1791 821 1867 851 illud
1884 822 1952 863 qui-

1102 872 1172 903 dem
1195 872 1224 902 in
1240 873 1377 903 ordinem
1396 872 1529 914 recipere
1546 884 1605 902 non
1623 872 1774 903 dubitavi.
1815 873 1949 915 Vulgata

1101 931 1182 954 certe
1200 927 1242 963 (v.
1258 924 1330 954 Var.
1347 925 1451 964 Lect.)
1470 924 1555 954 nihili
1572 932 1629 954 est.
1661 925 1730 954 λίψ.

1144 987 1173 1017 p.
1188 975 1284 1006 lxxvi.
1299 984 1405 1015 vs.47.
1423 975 1564 1016 ὀτλήσας]
1587 975 1698 1006 Suidas
1715 976 1754 1005 T.
1771 976 1817 1006 II.
1833 987 1863 1017 p.
1876 985 1948 1016 725.

1100 1027 1287 1066 ὀτλήσοντες’
1325 1029 1547 1065 ὑπομενοῦντες,
1581 1026 1845 1065 κακοπαθήσοντες.
1895 1028 1946 1057 Cf.

1101 1079 1265 1119 Musgrav.
1282 1078 1320 1109 ad
1339 1078 1449 1119 Eurip.
1470 1078 1536 1108 Ion.
1555 1078 1645 1108 1108.
1664 1078 1786 1117 (1127.)
1820 1078 1946 1109 Jacobs.

1098 1130 1136 1160 ad
1154 1130 1274 1172 Agath.
1293 1130 1509 1160 LXXXIII.
1529 1128 1675 1168 (Antbol.
1692 1130 1757 1159 III.
1774 1139 1798 1159 1.
1816 1141 1845 1171 p.
1862 1132 1944 1169 111.)

1098 1188 1128 1211 ct
1150 1181 1188 1211 ad
1214 1180 1315 1211 Paull.
1342 1180 1447 1211 Silent.
1471 1181 1663 1211 XXXVII.
1691 1180 1781 1219 (ibid.
1806 1192 1836 1222 p.
1858 1185 1944 1222 151.)

1098 1232 1151 1263 Ad
1169 1232 1347 1263 sententiam
1372 1231 1445 1261 facit
1468 1231 1543 1261 illud
1566 1231 1723 1261 oraculum
1744 1231 1871 1273 Lycium
1893 1244 1941 1274 ap.

190 1289 236 1312 rat
249 1282 338 1312 ctiam
356 1283 505 1321 διατριβὰς
516 1281 702 1320 φιλοσόφων.
735 1280 876 1311 Proxime
892 1280 921 1310 in
940 1281 1035 1312 mixta
1053 1289 1079 1315 D
1100 1283 1254 1314 VVelcker.
1275 1282 1390 1325 Syllog.
1410 1283 1523 1312 Inscrr.
1550 1294 1578 1323 p.
1597 1292 1668 1323 235.
1694 1294 1737 1312 vs.
1761 1293 1803 1313 10.
1828 1293 1874 1313 [1.
1896 1294 1940 1325 ¹5·

189 1332 317 1363 lectione
334 1334 460 1363 Moscro
476 1334 535 1363 δῖος
551 1331 676 1373 placuit,
691 1339 838 1372 tanquam
854 1332 1035 1362 convenien-

188 1384 249 1415 tius
275 1383 458 1426 Pythagorae
486 1383 652 1424 epitheton.
700 1383 797 1413 Recte
824 1390 924 1413 tamen
952 1383 1031 1413 idem

186 1435 343 1477 vulgatam
364 1435 506 1465 intactam
528 1433 661 1475 reliquit.
706 1435 750 1464 Et
773 1433 899 1475 quando
924 1435 1031 1465 Prote-

187 1486 290 1524 silaus,
314 1486 403 1516 beros
429 1493 458 1516 et
485 1492 605 1516 tantum
634 1496 694 1514 non
722 1493 792 1527 post
818 1486 881 1516 sata
906 1485 1031 1527 quidem

186 1538 285 1574 Deus,
298 1536 485 1568 Philostrato
501 1536 530 1566 in
546 1536 686 1566 Hernicis
704 1548 732 1578 p.
749 1537 778 1566 δ’.
816 1536 954 1567 Boisson.
972 1537 1031 1568 dici

184 1589 286 1631 potuit
303 1588 402 1626 καλὸς,
421 1588 472 1618 ubi
490 1589 586 1618 bonus
602 1587 753 1625 redditur,
770 1594 798 1618 et
818 1588 943 1618 omniuo
966 1588 1031 1620 hzec

183 1639 348 1682 appellatio
360 1651 428 1670 cum
442 1639 526 1670 cultu
546 1638 694 1669 sanctiore
708 1638 852 1669 Manium
865 1640 1030 1681 conjuncta
1047 1650 1071 1677 Ε

182 1691 232 1729 sit,
250 1698 284 1721 ut
307 1702 345 1721 ex
368 1697 413 1721 tot
437 1701 578 1720 vasorum
602 1690 754 1732 pictorum
780 1690 1029 1733 inscriptionibus

182 1742 337 1778 discimus,
354 1754 413 1772 non
431 1741 529 1779 video,
548 1753 602 1772 cur
623 1753 684 1772 non
708 1742 798 1772 etiam
823 1742 1027 1784 Pythagoras,

181 1792 211 1823 in
241 1797 381 1835 poemate
412 1793 580 1835 praesertim
611 1794 822 1829 πλατωνίζοντι
851 1800 881 1824 et
913 1794 1027 1824 Plotini

182 1844 268 1886 quasi
283 1844 462 1887 apotheosin
479 1844 650 1875 celebrante
674 1844 730 1874 hoc
753 1844 890 1885 epitheto
914 1844 1025 1887 imper-

182 1896 231 1927 tiri
246 1897 350 1939 possit.
390 1897 486 1927 Plura
501 1896 539 1927 de
559 1897 614 1927 hac
638 1895 842 1938 appellatione
865 1896 973 1937 collegi
997 1896 1026 1927 iu

181 1956 344 1990 praeparat.
357 1948 386 1978 in
399 1948 511 1979 Plotin.
524 1948 562 1978 de
576 1947 703 1978 Pulcrit.
717 1959 746 1989 p.
760 1948 835 1977 XV.
847 1959 890 1989 sq.
903 1947 1024 1989 Hdlbg.

180 2011 251 2040 quae
275 2010 355 2029 nunc
378 2007 515 2042 repetere
537 1998 730 2040 supersedeo.

180 2050 283 2080 (Iidem
299 2050 440 2092 decerpo,
457 2051 556 2092 ipsum
576 2050 729 2081 Plotinum
747 2050 798 2081 τὸν
815 2050 907 2080 καλὸν
926 2050 984 2080 dici
1007 2062 1025 2080 a

182 2100 374 2132 Nathanaiilc
398 2101 427 2131 in
450 2101 645 2132 Antithetico
668 2113 698 2144 p.
715 2111 789 2140 412.
809 2101 858 2132 ed.
876 2101 1023 2132 Heidelb.

184 2154 238 2183 Cr.

223 2214 253 2245 p.
278 2202 374 2233 lxxvi.
396 2214 440 2233 vs.
459 2213 509 2244 43.
539 2204 644 2246 χορὸν]
685 2204 735 2235 Cf.
762 2202 1020 2245 Olympiodorum

180 2254 340 2285 laudatum
357 2264 450 2294 supra
467 2254 505 2284 ad
523 2266 551 2282 v.
570 2256 596 2285 8.
630 2254 795 2297 Inscriptio
810 2266 858 2296 ap.
878 2255 972 2296 Spou.
992 2255 1020 2285 in

180 2304 311 2336 Miscell.
328 2304 415 2335 erud.
431 2305 526 2346 antiq.
542 2317 572 2347 p.
586 2315 643 2345 99:

219 2365 237 2376 “
250 2361 308 2388 Ibis
322 2361 352 2387 in
367 2366 480 2397 optatas
496 2361 586 2392 sedes,
601 2371 667 2388 nam
683 2361 798 2398 Jupiter
813 2361 930 2388 aethram

219 2414 236 2424 “
249 2409 360 2441 pandit,
377 2409 469 2440 Festo.
487 2409 548 2440 tibi,
565 2410 702 2437 candidus
718 2416 748 2437 ut
762 2410 871 2438 venias.

218 2463 236 2473 ‘⁶
247 2458 370 2493 Jamque
380 2457 473 2484 venis:
488 2457 580 2483 tendit
590 2457 702 2484 dextras
712 2458 814 2485 chorus
824 2459 890 2487 inde
901 2460 1019 2488 deorum

218 2512 237 2522 ‘⁶
249 2507 286 2534 Et
302 2512 364 2533 toto
379 2505 430 2532 tibi
442 2507 502 2542 jam
518 2504 670 2541 plauditur,
687 2515 765 2537 ecce,
781 2507 879 2542 polo.”

176 2563 400 2594 Adbibuerunt
432 2560 630 2591 I‘eirescianae
657 2560 853 2602 Inscriptioni
878 2563 1017 2594 Munter.

176 2626 205 2656 p.
230 2624 310 2653 2403
346 2612 471 2655 Cypria·
503 2613 733 2652 Morgcnstern.
758 2612 778 2642 l.
802 2612 821 2642 l.
850 2624 880 2655 p.
903 2616 1020 2655 677.—

177 2676 220 2695 vs.
235 2673 288 2706 45.
313 2665 345 2695 ἐν
367 2664 516 2702 θαλίῃσιν.
564 2663 613 2694 Cf.
632 2662 761 2694 Hesiodi
784 2664 844 2703 ἐργ.
864 2673 941 2706 115;
968 2667 1020 2696 Ιη-

1100 1336 1148 1364 16.
1179 1336 1230 1365 Cr.

1138 1397 1168 1427 p.
1187 1385 1282 1415 lxxvi.
1302 1396 1346 1415 vs.
1362 1395 1412 1425 49.
1437 1387 1528 1425 χοροῦ
1542 1384 1564 1414 τ’
1583 1385 1698 1416 εὐδίνεα
1713 1386 1847 1429 κύκλον,]
1870 1386 1940 1416 Sui-

1094 1436 1149 1467 das
1171 1437 1198 1467 I.
1226 1448 1256 1479 p.
1280 1437 1350 1477 885.
1390 1437 1502 1466 Zouar.
1528 1448 1556 1478 p.
1579 1446 1650 1477 915.
1690 1437 1827 1479 Etymol.
1854 1438 1941 1468 Gud.

1093 1499 1124 1529 p.
1138 1497 1210 1527 217.
1225 1499 1308 1530 supr.
1327 1489 1438 1526 εὐὸίνης
1454 1487 1472 1517 i.
1483 1500 1513 1529 q.
1532 1488 1677 1526 εὐὸίνητος
1692 1488 1712 1518 i.
1723 1500 1747 1518 e.
1767 1490 1939 1528 εὔστροφος,

1094 1540 1249 1578 εὐκίνητος.
1290 1539 1393 1570 Schol.
1413 1539 1451 1569 ad
1470 1539 1583 1581 Odys&
1605 1541 1628 1569 ὃ.
1654 1549 1702 1578 19.
1729 1540 1867 1570 ἐδίνευον,
1896 1554 1941 1571 κυ-

1094 1592 1184 1621 κλόσε
1206 1590 1396 1630 ἐστρέφοντο,
1416 1591 1572 1630 ὠρχοῦντο.
1612 1590 1760 1632 Apollon.
1784 1590 1888 1621 Rhod.
1910 1592 1936 1621 I.

1093 1652 1165 1683 215.
1198 1642 1237 1673 de
1268 1642 1541 1684 Orithyia—>awai
1572 1642 1615 1672 ἔνι
1645 1643 1830 1673 δινεύουσαν.
1888 1644 1936 1674 Cf.

1092 1692 1236 1723 Valclten.
1253 1693 1292 1723 ad
1312 1693 1465 1723 Adoniaz.
1483 1704 1510 1722 v.
1530 1694 1578 1722 82.
1608 1693 1712 1735 Heyn.
1736 1693 1776 1724 ad
1801 1694 1891 1724 Iliad.
1908 1708 1937 1724 σ.

1089 1755 1163 1784 494.
1187 1744 1226 1775 cf.
1243 1752 1273 1774 et
1288 1750 1392 1774 annot.
1411 1755 1504 1786 supra
1519 1744 1558 1774 atl
1576 1756 1604 1774 v.
1618 1754 1670 1785 30.
1697 1746 1750 1775 Cr.

1133 1807 1163 1837 p.
1182 1795 1275 1825 lxxvi.
1293 1807 1337 1825 vs.
1353 1804 1404 1836 51.
1432 1795 1574 1837 εὐαίωνι]
1604 1795 1796 1826 Vocabulum
1822 1797 1936 1839 Tragi-

1088 1846 1130 1877 cis
1146 1847 1304 1877 familiare.
1346 1846 1488 1888 Sophoel.
1508 1846 1639 1877 Philoct.
1653 1847 1725 1878 818.
1745 1848 1848 1888 (829.)
1866 1860 1935 1879 cum

1088 1906 1151 1929 not.
1168 1897 1349 1928 Hermanni.
1377 1898 1523 1928 Trachin.
1537 1898 1588 1928 81.
1613 1897 1754 1940 sEschyl.
1768 1899 1848 1929 Pers.
1862 1907 1932 1938 717.

1088 1948 1161 1991 ibiq.
1188 1949 1362 1980 Blomfield.
1401 1949 1450 1979 Cf.
1476 1948 1614 1991 Elmsley
1639 1948 1679 1979 ad
1704 1949 1815 1991 Eurip.
1843 1950 1931 1981 Med.

777 1999 849 2029 Hoc
866 2010 962 2029 unum
979 1999 1022 2029 in-
1046 2012 1068 2040 F
1092 2002 1182 2041 1096.
1228 2001 1290 2032 Sed
1306 2009 1407 2031 tamen
1423 2000 1488 2030 aliis
1503 2012 1629 2041 quoquc
1644 2000 1742 2042 poetis
1764 2001 1931 2042 cognitum.

1088 2052 1267 2083 Callimach.
1285 2052 1315 2082 in
1333 2052 1404 2082 Del.
1424 2061 1492 2091 292.
1519 2051 1570 2081 ubi
1587 2058 1632 2082 est
1648 2052 1735 2082 beata
1747 2067 1756 2082 .·
1780 2052 1852 2082 item
1871 2053 1932 2083 La-

1087 2115 1164 2134 vacr.
1185 2103 1300 2134 Pallacl.
1321 2112 1389 2143 117.
1428 2102 1586 2134 Eratosth.
1609 2114 1659 2145 ap.
1677 2104 1788 2134 Eutoc.
1813 2104 1843 2134 in
1868 2105 1930 2134 Ar-

1085 2155 1174 2185 chim.
1192 2167 1221 2197 p.
1240 2165 1290 2186 22.
1308 2155 1362 2195 (cf.
1378 2154 1522 2185 Valcken.
1541 2154 1641 2185 Diatr.
1658 2154 1771 2196 Eurip.
1791 2167 1822 2197 p.
1841 2156 1929 2196 285.)

1086 2207 1200 2237 Εὐαίων
1216 2210 1397 2245 Πτολεμαῖε.
1436 2207 1485 2236 De
1501 2217 1564 2247 quo
1580 2205 1646 2236 loco
1664 2205 1789 2236 consule
1805 2207 1928 2237 Jacobs.

1083 2257 1122 2287 ad
1142 2257 1269 2288 Antbol.
1292 2258 1334 2287 T.
1348 2258 1428 2287 VII.
1447 2269 1476 2298 p.
1490 2267 1564 2297 319.
1580 2265 1610 2287 et
1626 2256 1665 2287 ad
1682 2257 1814 2287 Anthol.
1830 2257 1928 2288 Palat.

1084 2309 1162 2339 VII.
1183 2310 1250 2348 178.
1279 2320 1308 2350 p.
1332 2318 1404 2349 255.
1432 2316 1461 2338 et
1488 2308 1671 2350 Bernhardy
1695 2308 1929 2339 Eratosthenica

1083 2371 1113 2402 p.
1131 2362 1200 2401 183.
1232 2361 1287 2391 Cr.

1125 2423 1154 2453 p.
1169 2411 1273 2442 lxxvii.
1287 2417 1310 2441 ³.
1330 2411 1375 2441 ἀεὶ
1387 2412 1522 2442 σπεύδων
1534 2410 1604 2450 πρὸς
1615 2410 1647 2440 τὸ
1661 2411 1766 2451 θεῖον,]
1787 2410 1927 2452 Porphy-

1082 2462 1145 2493 rius
1168 2462 1271 2505 Epist.
1290 2462 1329 2493 ad
1350 2461 1528 2492 Marcellam
1551 2462 1646 2492 XVI.
1670 2462 1753 2502 ψυχὴ
1776 2463 1806 2492 δὲ
1831 2464 1927 2500 σοφοῦ

1081 2515 1233 2553 ἁρμόζεται
1259 2513 1330 2553 πρὸς
1355 2514 1436 2551 θεὸν,
1461 2514 1507 2544 ἀεὶ
1534 2513 1603 2543 θεὸν
1626 2514 1690 2553 ὁρᾷ,
1715 2515 1854 2544 σύνεστιν
1881 2513 1925 2542 ἀεὶ

1081 2567 1147 2606 θεῷ.
1180 2566 1258 2602 Quae
1270 2564 1363 2595 verba
1379 2576 1448 2594 cum
1467 2564 1532 2594 loco
1548 2572 1652 2595 nostro
1667 2572 1824 2606 comparat
1838 2565 1922 2603 Aug.

1082 2616 1159 2646 Mai.
1176 2616 1205 2646 in
1223 2616 1301 2646 notis
1317 2627 1348 2657 p.
1360 2626 1411 2656 31.
1429 2615 1479 2646 cd.
1492 2615 1621 2645 Mediol.
1639 2627 1668 2657 p.
1680 2617 1751 2645 616.
1766 2614 1815 2644 ed.
1827 2613 1920 2643 Orcll.

1082 2667 1161 2696 Mox
1185 2666 1264 2697 inter
1280 2667 1489 2706 ἀπαλλαγῆναι
1509 2673 1539 2696 et
1557 2666 1659 2705 πικρὸν
1678 2677 1796 2696 comma
1819 2664 1921 2706 posui-
