2201 2990
278 157 502 198 ARGUM.
534 155 701 194 MARS.
733 153 836 193 FIC.
868 152 932 192 IN
964 153 1074 192 LIB.
1107 152 1178 191 IV.
1210 152 1468 192 ENNEAD.
1499 153 1754 192 TERTIAE.

188 263 234 286 est
249 257 346 293 Deus,
362 253 460 296 qualis
475 260 505 283 ct
524 252 644 282 daemon
660 251 725 292 ipse
742 249 924 281 Socraticus.
972 250 1026 279 So-

189 298 252 329 lent
274 299 353 329 enim
377 294 617 338 praestantissimi
637 293 753 335 quique
773 293 928 323 daemoncs
943 292 1026 322 Deo-

189 352 255 372 rum
280 340 400 371 nomine
422 337 613 379 nuncupari:
638 334 900 378 quemadmodum
924 342 954 365 et
976 334 1023 365 in-

188 384 250 415 fimi
267 383 319 414 Dii
335 381 540 424 appellatione
555 380 731 410 daemonum
744 377 906 419 designari.
947 378 1025 408 Esse

187 426 311 468 quidem
328 425 357 455 in
373 428 441 454 a'erc
453 423 616 459 daemones,
629 422 660 452 in
677 421 849 463 Theologia
861 420 932 451 satis
947 432 1025 451 asse-

187 479 343 499 veramus:
370 474 404 497 ut
419 473 449 497 et
466 466 582 508 ubique
596 464 739 495 animalia
754 464 813 495 sint
833 463 964 506 praedita
979 475 1024 494 ra-

187 512 277 549 tione,
302 518 331 541 et
356 510 386 540 in
410 515 481 540 aere
505 509 618 551 potius,
644 519 737 550 quam
761 507 791 538 in
815 514 913 538 terra:
939 514 1025 538 tanto

186 553 396 597 praestantiora
408 552 498 583 simul
513 560 543 583 et
557 551 732 594 grandiora,
743 558 860 592 quanto
871 549 948 581 ae'ris
960 549 1024 592 ipse

185 597 295 639 globus
321 604 364 627 est
395 595 524 638 amplior
547 602 640 636 atque
666 593 870 636 praestantior,
898 600 928 623 et
953 593 1024 624 vitae

185 639 352 683 prasertim
368 638 506 669 rationali
522 637 687 680 cognatior.
734 636 825 674 Quod
842 636 921 667 enim
938 636 1024 678 prius

185 683 429 724 eminentiusque
442 681 515 712 vivit
531 680 561 711 in
578 680 665 711 nobis
680 679 919 722 cogitationique
934 679 1021 710 obse-

185 725 302 768 quitur,
323 725 447 768 spiritus
469 731 514 755 est
536 724 646 754 aerius.
694 723 838 765 Ingentia
860 723 955 765 igitur
977 734 1024 753 ra-

186 768 370 810 tionaliaque
386 768 416 798 in
432 771 500 798 aere
514 767 657 798 animalia
677 766 806 808 degunt,
823 766 923 808 figura
945 778 1022 807 quo-

185 824 246 854 que
276 811 420 847 rotunda,
448 810 569 852 qualem
597 811 697 851 figura
721 810 787 840 haec
818 809 895 840 a'eris
919 809 1022 851 exigit.

187 856 300 886 Sensus
322 862 352 885 et
375 855 405 885 in
428 862 493 884 toto
514 865 641 895 corpore
665 860 759 890 totus,
783 861 814 884 et
836 864 893 895 pro
916 860 1026 883 natura

185 898 262 929 ae'ris
277 897 469 928 acutissimus
483 909 488 927 :
513 904 616 927 motus
639 896 756 927 ratione
772 896 860 926 simili
876 895 1026 926 velocissi-

185 952 253 971 mus
266 953 272 971 :
291 940 432 971 motionis
447 940 523 970 ordo
538 940 633 970 ferme
648 939 748 981 qualis
763 939 792 969 in
810 938 913 969 stellis.
950 939 1024 969 Dae-

185 995 289 1015 mones
304 984 399 1025 igitur
414 983 508 1014 stellae
525 990 595 1014 sunt
611 983 685 1013 aerii
702 982 778 1019 caeli,
795 982 941 1013 circuitus
956 981 1025 1012 stel-

184 1027 282 1058 larum
300 1027 465 1058 ezelestium
481 1038 538 1069 pro
550 1026 666 1056 viribus
678 1026 830 1056 imitantes
844 1025 883 1055 ab
899 1032 968 1055 ortu
985 1025 1025 1055 ad

184 1081 336 1108 occasum,
358 1078 451 1112 atque
467 1069 608 1107 vicissim,
626 1069 747 1100 statutis
773 1068 887 1110 ubique
908 1075 1025 1109 tempo-

186 1113 270 1144 ribus
285 1113 516 1156 progredientes
535 1124 661 1154 quoque
680 1111 959 1154 regredientesque,
975 1123 1023 1142 ac-

187 1165 252 1187 tum
275 1157 315 1187 ad
339 1156 575 1197 septentrionem
598 1163 768 1197 vergentes,
785 1162 851 1185 tum
875 1154 915 1185 ad
939 1154 1027 1184 meri-

186 1199 278 1237 diem,
302 1206 368 1230 tum
398 1199 488 1229 etiam
516 1198 599 1229 velut
628 1198 659 1229 in
681 1209 792 1240 augent
817 1197 1024 1234 ascendentes,

187 1251 253 1273 tum
269 1242 381 1273 iterum
404 1242 622 1273 descendentes
643 1241 750 1272 ordine
772 1248 873 1272 certo:
900 1252 1026 1283 praeser-

187 1286 241 1316 tim
267 1285 421 1316 daemones
445 1297 536 1327 super
559 1290 661 1315 aerem
691 1284 916 1315 turbulentum.
961 1285 1023 1314 Ne-

187 1340 248 1371 que
259 1328 405 1359 electione
421 1328 573 1359 duntaxat
588 1328 618 1358 in
634 1339 687 1358 nos
701 1335 808 1369 agunt,
820 1335 855 1358 ut
870 1326 1022 1357 diximus:

187 1371 240 1402 sed
256 1371 424 1414 plurimum
438 1371 593 1402 stellarum
604 1371 698 1401 instar
711 1371 777 1412 ipsa
789 1378 909 1407 natura,
922 1369 1027 1400 radiis-

187 1426 248 1457 que
263 1415 324 1445 suis
339 1414 479 1456 quamvis
496 1414 633 1449 occultis,
651 1422 751 1444 tamen
774 1413 942 1444 admodum
965 1412 1027 1443 effi-

187 1458 327 1489 cacibus:
354 1470 431 1499 quos
453 1457 579 1499 quidem
610 1458 737 1498 BIagus,
763 1456 817 1498 qui
841 1467 1027 1498 congregare

187 1501 318 1538 sciverit,
335 1500 447 1542 poterit
462 1508 491 1531 et
514 1500 628 1537 videre,
644 1500 822 1541 caeterisque
844 1506 1022 1530 monstrare.

188 1544 275 1575 Sicut
297 1552 327 1574 et
350 1544 419 1574 solis
435 1543 508 1574 radii
526 1556 542 1574 c
558 1543 686 1585 vestigio
708 1551 777 1585 post
800 1553 952 1579 occasum,
971 1542 1025 1584 qui

186 1599 241 1629 per
257 1598 287 1617 se
305 1586 427 1617 minime
444 1586 671 1624 discernuntur,
688 1585 853 1627 aliquando
869 1585 958 1616 certis
974 1597 1026 1616 va-

187 1630 313 1672 poribus
326 1629 513 1671 congrcgati,
527 1630 627 1660 statim
645 1629 703 1660 sub
718 1628 851 1666 ruboris,
865 1628 912 1659 vel
932 1628 1028 1670 pallo-

186 1673 227 1704 ris
251 1673 349 1703 forma
375 1672 536 1703 videntur:
562 1680 592 1703 et
615 1672 738 1703 flamma
758 1683 980 1713 nonnunquam
996 1671 1028 1702 in

187 1716 311 1747 meridie
327 1727 451 1746 accensa
467 1715 573 1757 procul
596 1715 627 1745 in
650 1715 711 1746 lino
730 1726 790 1745 non
813 1715 958 1752 cernitur,
975 1714 1029 1745 ad-

188 1759 292 1790 hibitis
313 1770 384 1789 vero
408 1758 497 1800 lignis
519 1766 656 1801 apparet.
703 1758 833 1789 Videtur
856 1758 960 1800 itaque
983 1769 1028 1788 sae

188 1802 293 1833 cerdos
310 1802 481 1844 AEgyptius
504 1801 651 1832 daemonis
675 1801 817 1832 Plotinici
838 1801 939 1832 radios
953 1812 1024 1832 con-

187 1857 338 1887 gregasse,
354 1853 447 1886 atque
472 1846 520 1885 (ut
546 1844 738 1887 Porphyrius
761 1844 846 1875 testis
868 1846 927 1884 est)
949 1855 1027 1886 prae-

189 1888 319 1919 sentium
349 1888 443 1918 oculis
465 1888 641 1925 ostendisse,
664 1888 726 1918 sive
748 1887 849 1918 colens
872 1887 1027 1918 daemones

189 1931 245 1962 hoc
255 1942 361 1961 eorum
371 1942 496 1961 munere
503 1939 575 1961 tunc
585 1931 805 1973 impetraverit,
814 1931 877 1961 sive
883 1942 1027 1972 vaporem

189 1981 306 2004 certum
323 1973 576 2015 daemonibusque
590 1980 757 2015 cognatum
777 1974 925 2005 infuderit
947 1973 1023 2011 aeri,

191 2028 253 2058 quo
268 2024 350 2047 certo
366 2016 457 2046 modo
474 2017 549 2047 radii
570 2016 716 2048 daemonis
738 2017 914 2059 congregati
936 2023 1026 2059 patu-

190 2059 278 2090 erint.
325 2060 385 2089 Sed
406 2071 538 2100 quanam
555 2060 653 2090 forma
668 2060 796 2102 conjecit
819 2062 936 2102 Magus
955 2059 1027 2090 Plo-

192 2102 245 2133 tini
257 2102 426 2132 daemoncm
436 2114 499 2132 esse
511 2114 687 2144 supremum
701 2105 712 2133 ?
729 2103 802 2145 quia
813 2103 954 2134 videlicet
965 2114 1026 2133 non

192 2145 325 2176 difformi
341 2145 473 2186 quodam
491 2145 584 2175 instar
604 2146 688 2176 iridis
702 2146 822 2188 fulgore
838 2146 931 2183 venit,
949 2146 1026 2176 sicut

192 2188 287 2219 infimi
304 2188 400 2218 solent
414 2188 568 2218 daemones
583 2188 613 2218 in
629 2192 696 2219 aere
712 2189 817 2220 misto:
836 2201 896 2220 non
911 2189 1027 2231 pallore

192 2232 303 2263 iterum
320 2230 366 2261 vel
383 2231 504 2267 rubore,
522 2231 600 2262 sieut
614 2231 705 2261 medii
721 2243 940 2274 nonnunquam
957 2243 1027 2263 con-

192 2280 357 2305 sueverunt
371 2286 376 2303 :
395 2273 447 2304 sed
462 2273 576 2304 lumine
591 2286 671 2316 puro
686 2274 807 2316 penitus
818 2283 910 2317 atque
924 2275 1025 2306 claris-

192 2318 278 2355 simo,
294 2316 378 2358 quod
394 2316 589 2347 zetlieriorum
604 2316 832 2359 caelestiumque
850 2319 1026 2349 daemonum

192 2360 343 2391 duntaxat
365 2368 409 2389 est
432 2359 601 2401 proprium.
650 2360 763 2390 Verum
787 2360 810 2390 si
834 2361 947 2391 Plotini
965 2361 1027 2392 dae-

193 2414 263 2434 mon
291 2410 335 2433 est
364 2402 537 2439 altissimus,
565 2403 720 2444 quomodo
743 2403 929 2434 familiariter
955 2416 1026 2434 eum

192 2446 300 2477 ducit?
324 2445 487 2482 Quomodo
508 2457 617 2487 magus
639 2445 688 2476 ille
711 2446 811 2476 radios
832 2446 913 2477 illius
936 2447 1026 2477 attin-

192 2489 259 2531 git?
285 2488 432 2526 Quamvis
447 2496 546 2529 potest
562 2488 683 2519 daemon
698 2488 817 2519 eminus
831 2500 955 2530 quoque
972 2490 1026 2520 ha-

193 2532 293 2563 bitans
303 2532 390 2573 jactu
407 2531 590 2561 sensualium
608 2531 774 2569 radiorum,
791 2539 821 2562 et
835 2531 951 2573 aliquid
963 2544 1028 2563 ver

193 2576 302 2606 borum
320 2585 402 2604 more
419 2573 653 2615 significantium
670 2574 802 2616 pulsare,
816 2574 1028 2617 pulsandoque

193 2618 297 2649 videre
326 2617 465 2659 spiritum
497 2617 627 2647 hominis
656 2617 809 2654 intimum,
836 2628 870 2648 ac
896 2617 1029 2649 videndo

193 2660 280 2703 quasi
310 2659 464 2702 loquendo
493 2659 662 2701 significare
691 2659 806 2702 aliquid
837 2668 867 2691 et
899 2660 1026 2692 afficere.

195 2705 355 2735 Memento
371 2710 471 2734 tamen
487 2714 504 2733 a
520 2702 646 2734 summis
666 2702 705 2733 ad
726 2702 830 2734 infima
845 2703 954 2745 passim
975 2716 1026 2735 ex-

249 2762 341 2787 VOL.
366 2762 393 2786 .

1828 167 1906 204 505

1071 248 1154 279 tendi
1170 255 1308 278 catenas:
1334 248 1438 289 itaque
1453 260 1471 278 a
1487 248 1614 288 singulis
1630 249 1721 279 stellis
1736 258 1832 281 certos
1848 250 1910 281 la-

1070 302 1196 321 monum
1212 291 1334 321 ordines
1346 290 1502 321 stellarum
1519 291 1714 333 pedissequos
1729 293 1816 324 certis
1831 293 1907 324 affici

1069 333 1179 371 modis,
1205 341 1299 375 atque
1322 333 1459 363 similiter
1483 333 1599 364 animas
1623 345 1640 363 a
1666 334 1867 373 damonibus,
1891 348 1908 366 a

1069 377 1131 407 suis
1148 376 1264 418 ubique
1289 388 1368 407 suas.
1417 377 1496 406 Sunt
1517 388 1590 417 ergo
1608 376 1710 418 plures
1726 377 1754 407 in
1772 379 1907 419 qualibet

1069 420 1190 462 sphaera
1214 428 1276 451 tam
1302 419 1381 450 infra
1410 419 1526 456 lunam,
1551 430 1643 460 quam
1674 431 1765 461 super
1792 421 1905 458 lunam,

1069 463 1243 494 daemones:
1271 462 1405 493 Saturnii
1431 462 1489 492 sub
1511 463 1656 498 Saturum
1678 462 1824 504 Ioviique
1850 465 1907 494 sub

1069 508 1160 544 Jove,
1178 506 1342 548 caeterique
1357 505 1504 536 similiter.
1536 505 1639 546 Atque
1654 504 1732 535 inter
1750 506 1908 536 Saturnios

1067 549 1117 580 alii
1138 549 1229 580 etiam
1252 549 1282 579 in
1307 548 1413 579 eadem
1436 548 1556 591 sphaera
1582 548 1807 590 praestantiores
1831 549 1906 586 aliis,

1068 593 1266 634 similiterque
1281 592 1366 623 Jovii
1403 591 1665 633 quemadmodum
1678 591 1756 621 inter
1771 591 1908 622 homines

1068 636 1143 667 solet
1158 636 1304 666 accidere.
1350 635 1507 666 Plotinum
1533 635 1627 676 igitur
1642 642 1735 676 atque
1753 635 1907 665 Socratem

1068 679 1336 722 praestantissimus
1358 678 1437 709 inter
1459 678 1557 708 aerios
1579 677 1664 708 ducit
1686 677 1818 715 daemon,
1835 678 1909 708 duc-

1068 730 1117 753 tus
1134 722 1273 753 videlicet
1295 734 1313 752 a
1333 721 1468 763 quodam
1492 721 1570 751 inter
1593 721 1740 751 aethereos
1762 729 1909 763 praestan-

1068 766 1183 796 tissimo
1204 765 1299 796 ducto
1322 764 1459 795 similiter
1484 764 1523 795 ab
1546 763 1650 806 aliquo
1670 764 1749 794 inter
1774 764 1908 795 caelestes

1068 809 1222 840 daemones
1244 808 1370 851 optimo.
1417 808 1555 838 Socrates
1578 807 1673 849 igitur
1696 815 1789 848 atque
1814 807 1908 838 Ploti-

1070 864 1128 883 nus
1148 852 1326 882 continuata
1346 851 1421 881 serie
1444 858 1606 881 moventur
1630 862 1648 881 a
1670 862 1800 880 summo.
1847 850 1907 880 Sed

1070 895 1222 937 numquid
1240 894 1452 936 unusquisque
1473 901 1591 925 tantun]
1616 893 1645 924 in
1665 894 1771 924 cadem
1788 893 1908 935 sphaera

1070 946 1211 969 movetur
1226 938 1265 968 ab
1278 938 1391 968 unico?
1416 937 1557 968 Forsitan
1570 948 1632 967 non
1644 937 1683 967 ab
1697 948 1769 967 uno.
1794 938 1909 974 Quam-

1069 982 1114 1012 vis
1138 981 1218 1012 enim
1245 981 1366 1011 (hemon
1392 980 1521 1022 quilibet
1544 979 1758 1022 amplissimam
1784 979 1909 1022 impleat

1070 1025 1242 1067 regionem:
1268 1024 1409 1065 ideoque,
1430 1023 1520 1054 ctiam
1545 1023 1567 1053 si
1592 1034 1651 1053 non
1675 1030 1773 1053 mutet
1797 1022 1907 1060 locum,

1070 1076 1171 1099 tamen
1186 1067 1291 1098 multis
1306 1067 1336 1097 in
1353 1067 1425 1097 locis
1440 1066 1533 1109 possit
1550 1067 1741 1097 oberrantem
1754 1066 1908 1096 hominem

1070 1111 1242 1147 observare,
1266 1118 1360 1152 atque
1390 1121 1474 1140 more
1500 1109 1595 1140 stellae
1619 1109 1733 1151 ubique
1759 1109 1909 1151 attingere

1070 1154 1180 1184 radiis:
1207 1161 1307 1184 tamen
1335 1165 1395 1183 non
1419 1161 1464 1183 est
1487 1152 1656 1194 probabile,
1678 1152 1804 1194 quando
1828 1152 1910 1194 quis-

1069 1197 1150 1239 piam
1169 1197 1208 1227 ab
1227 1196 1342 1227 oriente
1368 1208 1464 1237 usque
1486 1196 1525 1226 ad
1545 1195 1760 1226 occidentalem
1784 1195 1908 1237 plagam

1070 1240 1294 1282 peregrinatur,
1318 1239 1488 1269 (lamonem
1514 1247 1622 1269 natura
1646 1238 1736 1280 louge
1762 1246 1909 1280 praestan-

1071 1283 1189 1320 tiorem,
1207 1283 1291 1313 velut
1313 1282 1471 1313 addictum
1491 1281 1581 1312 alicui
1602 1282 1808 1323 paedagogum
1824 1294 1909 1324 pere-

1068 1326 1217 1368 grinantis
1246 1325 1377 1356 hominis
1402 1324 1530 1366 vestigia
1557 1325 1651 1367 sequi.
1698 1325 1779 1362 Quid
1810 1328 1907 1365 ergo?

1070 1370 1134 1400 Aut
1154 1370 1177 1400 si
1199 1369 1307 1399 unicus
1330 1368 1450 1398 daemon
1468 1368 1517 1405 sit,
1534 1376 1579 1399 est
1601 1368 1715 1409 ubique
1738 1365 1908 1398 secundum

1072 1412 1295 1443 Iambliclium:
1321 1411 1425 1453 itaque
1441 1422 1500 1441 non
1517 1411 1638 1453 cogitur
1654 1419 1772 1441 mutare
1788 1411 1887 1442 locum
1901 1424 1907 1441 :

1070 1463 1124 1486 aut
1142 1456 1165 1486 si
1181 1467 1241 1485 non
1262 1463 1307 1485 est
1326 1454 1414 1485 simul
1432 1454 1557 1496 ubique,
1573 1466 1632 1485 non
1652 1454 1772 1485 daemon
1789 1461 1907 1485 tantum

1070 1510 1160 1536 unus,
1177 1498 1208 1529 id
1227 1506 1282 1535 est,
1299 1509 1427 1528 numero
1449 1509 1539 1535 unuS,
1556 1498 1609 1528 sed
1625 1497 1715 1528 etiam
1738 1509 1817 1528 unus
1838 1509 1906 1539 spe-

1068 1542 1123 1579 cie,
1152 1542 1317 1583 unicuique
1347 1540 1499 1582 praesidet.
1546 1540 1595 1571 Sic
1621 1540 1731 1571 solares
1755 1540 1909 1571 daemones

1069 1585 1157 1615 solari
1173 1592 1310 1627 praesunt
1326 1584 1458 1614 homini:
1485 1583 1537 1625 qui
1556 1595 1742 1625 quocunque
1763 1583 1861 1621 iverit,
1878 1584 1907 1614 in

1071 1628 1213 1659 solarium
1246 1628 1423 1658 daemonum
1454 1627 1575 1669 proprie
1604 1626 1687 1657 venit
1724 1626 1905 1668 imperium:

1070 1671 1145 1713 ipse,
1169 1671 1306 1713 inquam,
1329 1678 1359 1701 et
1381 1670 1592 1711 unusquisque
1610 1669 1730 1700 solaris:
1756 1669 1906 1700 similiter-

1071 1727 1132 1756 que
1148 1714 1267 1745 venerei
1289 1714 1401 1756 passim
1425 1713 1565 1744 incidunt
1583 1713 1612 1743 in
1630 1724 1781 1743 venereos
1829 1714 1905 1743 Sunt

1072 1766 1173 1788 tamen
1196 1758 1276 1788 inter
1298 1756 1409 1787 solares
1439 1756 1592 1787 daemoncs
1621 1756 1801 1786 differentiae
1823 1768 1908 1798 quae-

1069 1800 1140 1831 dam
1154 1813 1160 1832 :
1188 1812 1258 1831 nam
1275 1799 1362 1830 dotes
1377 1807 1495 1830 cunctae
1511 1799 1591 1837 solis,
1607 1811 1684 1841 quas
1704 1807 1733 1830 et
1757 1799 1799 1829 sol
1814 1799 1909 1841 possi-

1070 1843 1123 1874 det
1148 1855 1238 1881 unus,
1262 1843 1292 1873 in
1325 1843 1435 1873 solares
1461 1842 1615 1873 daemones
1638 1842 1751 1873 multos
1773 1854 1907 1873 seorsum

1070 1887 1310 1917 distribuuntur.
1357 1885 1475 1917 Similes
1501 1897 1625 1927 quoque
1649 1894 1720 1916 suut
1750 1893 1780 1916 et
1806 1885 1909 1927 plures

1071 1930 1149 1960 inter
1173 1930 1283 1960 solares
1310 1929 1446 1959 homines
1469 1928 1666 1959 differentiae:
1692 1928 1769 1959 adeo
1792 1936 1827 1959 ut
1856 1928 1909 1959 ali-

1068 1973 1137 2015 quis
1152 1973 1289 2015 plebeius
1308 1972 1401 2002 homo
1423 1971 1574 2013 quamvis,
1595 1983 1782 2013 quoeunque
1797 1972 1907 2013 pergit,

1069 2028 1140 2047 suos
1155 2016 1285 2059 reperiat
1306 2015 1409 2051 duces,
1427 2015 1458 2045 id
1479 2022 1534 2052 est,
1556 2014 1699 2057 plebeios,
1717 2014 1790 2045 alibi
1807 2022 1906 2046 tamen

1069 2059 1182 2101 reperit
1211 2059 1324 2096 minus,
1351 2058 1421 2088 alibi
1452 2058 1549 2099 magis
1578 2058 1836 2088 accommodatos:
1861 2070 1908 2089 ac-

1070 2102 1380 2133 commodatissimum
1398 2113 1470 2131 vero
1494 2101 1627 2143 penitus,
1644 2101 1697 2143 qui
1721 2101 1829 2131 unicus
1851 2110 1906 2132 est.

1070 2146 1100 2176 in
1117 2146 1242 2188 regione
1261 2153 1343 2175 certa
1366 2144 1560 2175 nanciscitur.
1606 2144 1690 2174 Hinc
1714 2144 1852 2181 efficitur,
1874 2153 1905 2175 ut

1069 2188 1147 2219 alius
1173 2188 1211 2219 sit
1239 2188 1424 2218 fortunatior
1453 2187 1536 2224 alibi,
1563 2195 1593 2217 et
1623 2187 1652 2217 in
1683 2187 1742 2218 alio
1772 2187 1908 2218 similiter

1070 2243 1179 2274 opere:
1206 2231 1258 2262 ubi
1275 2231 1415 2261 videlieet
1436 2242 1510 2260 suus
1532 2230 1653 2261 daemon
1676 2230 1830 2272 potentior
1853 2239 1908 2269 est,

1071 2283 1100 2306 et
1124 2275 1155 2305 in
1178 2287 1241 2317 quo
1264 2286 1328 2316 prae
1348 2273 1464 2304 eaeteris
1488 2273 1644 2304 efficacior.
1693 2273 1840 2315 Sequitur
1865 2274 1908 2304 in-

1071 2330 1175 2359 super,
1199 2325 1244 2354 ut,
1261 2317 1315 2359 qui
1336 2317 1374 2347 ad
1391 2324 1507 2347 certum
1531 2328 1609 2358 opus
1631 2316 1825 2358 singulariter
1846 2317 1907 2347 nati

1071 2369 1153 2399 sunt,
1169 2361 1302 2403 plurima
1316 2361 1407 2391 etiam
1428 2371 1519 2401 super
1543 2367 1664 2390 zetatem
1687 2360 1750 2390 sine
1773 2371 1906 2401 proecep-

1071 2404 1199 2442 toribus,
1217 2404 1280 2434 sine
1302 2403 1445 2434 ministris
1468 2402 1640 2444 excogitent
1665 2403 1842 2433 mirabiliter
1864 2410 1908 2433 at-

1070 2459 1131 2489 que
1160 2455 1319 2489 peragant,
1345 2446 1406 2477 suis
1433 2445 1571 2476 videlicet
1594 2446 1735 2476 instructi
1764 2446 1907 2476 daemoni-

1070 2490 1147 2521 bus:
1174 2496 1239 2521 tum
1268 2502 1339 2520 vero
1361 2498 1474 2531 praetcr
1498 2500 1581 2530 spen]
1607 2500 1691 2519 suani
1722 2496 1753 2519 et
1778 2488 1903 2519 aliorum

1071 2533 1244 2575 opinionem
1260 2541 1434 2575 opportune
1448 2532 1583 2562 incidant
1602 2531 1632 2562 in
1649 2539 1795 2573 tempora,
1812 2531 1840 2560 in
1858 2542 1904 2560 re-

1070 2577 1186 2617 giones,
1203 2576 1233 2606 in
1249 2587 1403 2618 personas,
1420 2575 1450 2605 in
1475 2574 1625 2611 materias,
1642 2574 1672 2605 in
1694 2574 1904 2610 instrumenta,

1072 2619 1103 2649 in
1119 2619 1298 2651 facultates:
1324 2618 1438 2661 quibus
1455 2618 1512 2648 rite
1533 2616 1809 2660 suppe(lita11tibt1S
1826 2627 1904 2657 opus

1071 2661 1172 2703 ipsum
1202 2661 1345 2703 expleant
1375 2660 1554 2691 naturaliter
1583 2659 1778 2690 destinatum.
1824 2660 1906 2696 Quo-

1072 2716 1141 2735 rum
1158 2716 1228 2735 sane
1244 2704 1322 2735 inter
1337 2716 1368 2735 se
1383 2703 1573 2734 diversorum
1585 2701 1762 2733 confluxum
1779 2712 1839 2732 non
1855 2713 1906 2732 na-

1129 2757 1197 2786 3
