2201 2990
260 185 337 222 452

262 277 328 298 tur:
354 268 376 297 si
392 275 436 298 est
451 267 652 309 providentia,
665 278 737 309 ergo
753 278 812 297 non
828 274 873 296 est
888 266 1001 296 malum
1015 278 1021 296 ι
1047 265 1092 295 sin

264 322 334 341 vero
349 310 462 341 malum
479 318 534 347 est,
551 322 611 340 non
627 317 672 340 est
687 310 781 351 igitur
796 308 1004 351 providentia:
1032 308 1093 338 imo

263 365 301 384 ex
324 353 381 384 hoc
403 353 480 396 ipso,
495 353 579 394 quod
599 353 749 394 optimum
772 353 873 394 ipsum
896 352 970 393 agit,
990 351 1092 393 provi-

262 396 374 433 dendo,
389 404 419 426 et
434 396 553 438 agendo
568 395 718 437 providet,
734 395 797 437 agit
812 401 961 435 curatque
979 393 1094 435 aliquid

263 439 363 470 minus
384 439 512 469 bonum.
558 438 720 469 Gradatim
737 449 807 468 vero
830 449 884 479 per
906 437 1019 467 bonum
1040 437 1095 466 mi-

264 493 321 512 nus
346 490 439 523 atque
462 481 562 512 minus
584 481 762 523 pervenitur
784 480 813 510 in
838 479 962 510 malum.
1008 479 1096 509 Tolle

264 525 389 562 malum,
409 525 565 555 sustuleris
586 523 819 566 providentiam.
867 521 1095 552 Providentiam

265 568 366 598 videre
389 567 562 598 desideras?
587 573 739 597 memento
760 565 856 601 dotes,
878 576 949 605 quae
973 572 1043 594 sunt
1066 564 1095 594 in

264 611 458 641 inferioribus
481 610 664 646 distributae,
680 620 743 638 esse
763 608 792 638 in
817 607 971 648 superiore
991 606 1097 636 collec-

266 662 319 684 tas.
367 653 416 683 Sic
445 652 609 683 astronomi
639 651 767 682 calorem
792 650 1014 690 humoremque
1044 660 1098 690 per

267 698 401 726 Martem
425 707 559 725 seorsum
582 695 766 735 Lunamque
788 692 971 734 dispersum,
988 702 1096 732 agnos-

266 746 339 770 cunt
369 739 398 768 in
429 740 509 768 Jove
538 738 746 779 conjunctum.
791 736 931 765 Mentem
964 734 1098 764 divinam

266 782 362 812 credis
384 793 447 812 esse
470 789 579 811 natura
601 787 629 810 et
653 787 718 809 arte
746 777 951 820 superiorem:
977 788 1046 806 nam
1069 784 1099 806 et

267 833 405 855 naturam
428 823 508 854 illius
530 823 765 853 instrumentum
782 832 846 851 esse
869 831 929 849 non
951 831 1053 861 negas,
1070 827 1100 849 et

266 876 360 898 artem
388 873 479 908 putas
501 865 642 896 zemulam
672 863 841 905 utriusque.
888 864 998 892 Artem
1029 874 1098 902 cog-

268 910 363 940 noscis
378 909 544 949 intelligere
559 907 694 948 quidem,
716 918 787 948 qua-t·
802 905 947 936 fabricat:
973 905 1099 946 quando

266 953 389 995 quidem
410 949 482 982 facit
503 949 709 990 intelligendo,
726 949 777 979 sed
801 948 987 978 extrinsecus
1008 947 1099 977 fabri-

265 1007 351 1026 care:
378 996 527 1025 Naturam
552 992 654 1023 fateris
676 1003 766 1032 agere
788 991 911 1032 quidem
937 991 1029 1026 intus,
1046 991 1098 1020 sed

266 1039 380 1079 absque
404 1037 526 1078 propria
549 1035 747 1076 intelligentia
765 1035 873 1064 facere.
920 1034 1099 1074 Utrumque

266 1081 359 1122 igitur
375 1080 586 1121 imperfectum
603 1089 666 1107 esse
683 1076 898 1119 deprehendis,
916 1076 997 1106 unde
1020 1076 1099 1105 redi-

266 1121 337 1163 gere
359 1122 475 1163 cogeris
489 1122 527 1151 ad
547 1121 728 1163 perfectum,
744 1120 827 1161 quod
849 1128 879 1150 et
902 1118 1099 1159 intelligendo

266 1166 391 1197 fabricet
415 1165 508 1201 intus,
528 1172 557 1194 et
580 1163 728 1204 intelligat
752 1162 887 1193 similiter
911 1161 1097 1192 fabricando.

268 1209 316 1239 sic
342 1208 476 1239 divinam
504 1207 725 1249 providentiam
750 1205 965 1247 apprehendis,
991 1204 1041 1234 ubi
1068 1204 1096 1234 in

267 1263 374 1282 unare
391 1259 461 1281 sunt
483 1250 655 1291 conjuncta,
672 1261 742 1290 quw
766 1249 794 1278 in
822 1248 912 1278 rebus
931 1256 999 1278 sunt
1024 1247 1099 1277 ‹lua-

268 1296 334 1331 bus,
352 1294 381 1324 id
406 1302 460 1327 cst,
478 1302 587 1323 natura
601 1300 629 1323 et
654 1301 717 1322 arte
741 1291 905 1332 disjuncta,
924 1291 974 1320 ubi
992 1291 1020 1320 in
1040 1302 1099 1320 una

267 1349 391 1380 prorsus
413 1337 581 1377 caulemque
604 1335 739 1377 potentia
762 1334 960 1374 colliguntur,
975 1345 1046 1374 qua·
1070 1333 1098 1363 in

265 1381 366 1412 anima
381 1387 433 1410 tua
457 1391 510 1421 per
530 1379 606 1409 duas
629 1377 779 1419 potentias
801 1377 992 1407 dividuntur.
1042 1377 1100 1406 l‘er

265 1425 353 1455 aliam
371 1422 493 1464 quidem
509 1421 673 1463 potentiam
687 1420 829 1461 intelligis
844 1428 936 1461 atque
948 1419 1097 1460 disputas,

267 1479 320 1509 per
335 1466 422 1496 aliam
440 1465 558 1495 interim
576 1476 686 1505 eorpus
701 1463 765 1501 alis,
782 1463 963 1504 singulaque
983 1462 1012 1492 in
1032 1473 1097 1492 cor-

266 1522 338 1552 pore
367 1519 492 1550 generas·
522 1515 549 1537 et
581 1507 753 1548 dispensas:
783 1513 971 1547 quapropter
1002 1516 1100 1546 neque

435 170 563 209 ARG.
594 169 822 209 MARSIL.
854 169 956 208 FIC.
988 168 1048 207 IN
1082 167 1190 206 LIB.
1213 167 1293 206 III.
1327 165 1583 206 ENNEAD.
1616 165 1867 204 TERTIAE.

1136 275 1273 306 generas,
1289 275 1360 305 quae
1382 263 1536 304 intelligis,
1552 274 1650 304 neque
1666 261 1795 292 vicissim
1817 262 1969 304 intelligis,

1137 319 1207 349 quae
1223 313 1257 337 tu
1276 317 1411 348 generas.
1458 307 1599 337 Mentem
1620 316 1692 335 vero
1714 305 1848 335 divinam
1871 305 1972 347 cogita

1137 350 1242 381 eodem
1267 360 1391 391 prorsus
1413 356 1494 386 actu,
1511 360 1574 390 quo
1589 356 1619 379 et
1641 348 1797 390 quomodo
1818 347 1971 389 intelligit,

1138 393 1250 434 pariter
1276 403 1432 433 generare,
1455 400 1548 433 atque
1572 391 1712 421 vicissim.
1760 390 1846 421 Sicut
1871 390 1972 421 lucere

1138 443 1231 477 atque
1256 435 1363 473 calere,
1385 446 1456 477 quae
1483 446 1538 476 per
1563 434 1640 464 duas
1662 433 1824 475 qualitates
1847 441 1918 464 sunt
1942 433 1972 463 in

1139 478 1219 520 igne,
1237 486 1307 508 sunt
1328 477 1358 507 in
1377 477 1438 508 sole
1460 489 1514 519 per
1537 488 1646 507 unam:
1672 476 1713 506 sic
1736 476 1903 518 intelligere
1925 483 1972 506 at-

1139 533 1200 562 que
1214 532 1360 562 generare
1379 521 1411 551 in
1427 528 1456 551 te
1477 520 1540 550 duo
1561 526 1632 549 sunt
1653 526 1739 550 aetus
1761 531 1816 561 per
1837 519 1974 560 geminas

1139 575 1264 605 quoque
1281 563 1369 600 vires,
1385 563 1415 593 in
1432 564 1500 593 Deo
1516 570 1587 593 sunt
1602 561 1710 592 unicus
1725 569 1821 599 actus,
1835 561 1883 592 cui
1900 562 1973 592 sub-

1140 614 1185 636 est
1203 614 1232 636 et
1255 605 1454 647 intelligentia
1476 605 1618 647 quaedam
1641 604 1750 635 animae
1774 604 1880 635 mundi
1903 604 1976 635 artis

1140 649 1245 685 instar,
1256 656 1285 679 et
1300 648 1445 690 vegetalis
1460 648 1569 678 animae
1585 647 1749 678 mundanae
1762 647 1898 688 potentia
1909 647 1974 678 loco

1142 698 1268 721 naturae.
1315 691 1376 721 His
1390 703 1462 721 vero
1477 691 1581 721 subest
1595 690 1703 720 mundi
1717 701 1838 731 corpus,
1855 689 1895 720 sic
1910 690 1975 720 ani—

1141 741 1269 771 matum,
1280 733 1322 764 ita
1336 741 1464 772 rectum,
1475 741 1509 764 ut
1524 745 1635 775 corpus
1646 732 1783 763 animalis
1796 740 1826 762 et
1840 732 1954 774 plantae
1967 745 1973 762 :

1141 776 1315 817 conspirant
1337 777 1417 807 enim
1434 776 1492 806 tria
1510 776 1575 806 haec
1596 776 1736 813 invicem,
1753 775 1856 805 divina
1878 786 1974 812 mens,

1142 819 1242 848 anima
1257 819 1376 856 mundi,
1391 826 1511 856 natura,
1528 819 1557 849 in
1573 819 1686 860 quibus
1701 818 1802 848 onmia
1820 817 1975 848 mundana

1142 861 1183 891 sic
1199 861 1313 899 insunt,
1329 869 1364 891 ut
1380 868 1479 892 totum
1493 861 1770 903 comprehendatur
1786 861 1816 891 in
1828 860 1974 902 quolibet.

1144 905 1266 933 Horum
1283 904 1377 944 igitur
1392 904 1574 945 conspiratio
1589 904 1676 934 radix
1691 903 1838 934 mundani
1859 903 1976 934 arboris

1144 946 1328 982 nominatur,
1352 946 1414 976 sive
1435 946 1573 977 radicalis
1587 947 1674 988 vigor
1696 958 1750 988 per
1772 946 1913 977 arborem
1932 954 1976 976 to-

1144 997 1193 1019 tus
1214 989 1328 1030 ubique
1348 989 1488 1018 diffusus.
1535 990 1572 1019 In
1595 989 1702 1020 arbore
1726 1001 1798 1020 vero
1820 989 1977 1019 mundano

1143 1043 1190 1061 res
1200 1032 1264 1073 jam
1281 1032 1322 1062 ita
1337 1039 1408 1062 sunt
1423 1031 1606 1069 differentes,
1622 1038 1655 1061 ut
1673 1044 1690 1062 a
1706 1032 1805 1063 radice
1820 1032 1922 1073 stipes,
1936 1032 1975 1062 ab

1143 1075 1199 1105 hoc
1216 1074 1290 1105 rami
1305 1074 1404 1111 multi,
1422 1074 1461 1104 ab
1478 1073 1524 1103 his
1538 1074 1650 1104 surculi
1663 1074 1775 1115 plures,
1789 1075 1828 1105 ab
1843 1075 1889 1105 his
1904 1074 1976 1105 folia

1143 1129 1294 1159 pomaque
1316 1117 1535 1158 complurima:
1561 1117 1590 1146 in
1613 1116 1738 1158 quibus,
1761 1118 1901 1159 quamvis
1922 1129 1974 1148 ex-

1143 1160 1256 1197 tremis,
1273 1160 1380 1190 radicis
1396 1160 1482 1201 vigor
1498 1159 1561 1201 ipse
1576 1168 1714 1189 servatur
1733 1168 1823 1201 aptus
1845 1160 1883 1190 ad
1904 1172 1976 1202 pro—

1144 1203 1331 1245 pagandum.
1379 1204 1415 1232 In
1434 1202 1479 1232 his
1499 1202 1593 1243 igitur
1612 1202 1802 1232 considerare
1825 1202 1893 1233 licet
1913 1203 1975 1244 pri-

1145 1244 1239 1282 mum,
1274 1245 1430 1276 mundana
1466 1245 1578 1282 onmia,
1608 1253 1882 1286 quantumcunque
1918 1245 1977 1276 dis-

1139 1290 1247 1330 juncta
1272 1289 1350 1319 inter
1374 1300 1404 1318 sc
1434 1288 1606 1324 videantur,
1632 1288 1758 1318 invicem
1784 1296 1883 1318 tamen
1914 1300 1976 1319 esse

1143 1344 1290 1368 connexa,
1320 1331 1481 1372 eidemque
1509 1331 1645 1361 subnexa
1674 1331 1842 1373 principio:
1866 1331 1976 1361 deinde

1145 1375 1231 1405 facile
1246 1375 1324 1405 inter
1344 1387 1374 1404 sc
1394 1374 1422 1404 in
1443 1374 1561 1404 actione
1581 1373 1781 1415 passioneque
1796 1385 1882 1415 posse
1897 1385 1977 1404 com-

1143 1418 1305 1449 municare.
1340 1418 1493 1447 Praeterea
1505 1416 1646 1447 facillime
1661 1417 1724 1458 regi
1741 1417 1780 1447 ab
1795 1416 1901 1447 eodem
1914 1428 1977 1447 om-

1144 1461 1192 1491 nia
1209 1461 1323 1502 ubique
1347 1468 1498 1496 manente,
1514 1468 1543 1490 et
1567 1460 1596 1489 in
1621 1471 1716 1489 unum
1738 1459 1920 1490 articulatim
1936 1460 1975 1490 ad

1144 1504 1227 1534 nervi
1244 1503 1368 1534 modum
1386 1512 1495 1533 cuncta
1511 1503 1633 1544 penitus
1648 1509 1854 1533 connectente.
