2201 2990
586 127 650 166 IN
681 126 790 165 LIB.
823 124 900 163 III.
932 125 1188 164 ENNEAD.
1219 125 1519 164 SECUNDAE.
1830 140 1907 179 235

199 238 319 258 causam
337 237 373 256 ex
388 223 570 267 propinquo.
610 222 700 260 Quod
716 221 794 252 enim
811 228 901 251 certa*
917 221 1029 262 speeies

200 282 237 301 ex
259 269 346 300 certis
366 267 528 298 seminibus
549 265 707 306 modisque
730 263 859 306 propriis
879 263 1027 300 oriantur,

202 324 301 354 neque
316 310 452 342 confusio
470 309 522 338 fiat
546 307 684 344 invicem,
701 319 800 348 neque
821 306 1027 345 transgressio,

200 363 297 386 totum
314 354 343 384 in
359 351 552 383 seminalibus
567 350 701 380 consistit
720 349 852 379 naturis:
877 348 1024 379 declarat-

199 409 260 439 que
276 404 368 428 totam
384 406 433 425 eas
447 393 657 424 auctoritatem
677 391 880 433 generationis
897 391 1025 421 habere:

201 440 252 470 ubi
267 439 290 469 si
306 437 377 468 nihil
395 436 530 478 impedit,
547 436 640 466 fertus
661 436 699 465 ad
723 434 845 465 rationis
862 434 1029 464 seminariae

200 492 334 512 normam
358 480 413 510 rite
434 480 592 509 formatur.
641 478 796 520 1mpedire
811 489 883 507 vero
905 477 1028 513 dicitnr,

198 524 280 566 quod
298 535 355 554 non
372 522 540 553 absolutam
557 521 685 563 exprimi
703 521 771 551 sinit
789 520 956 550 seminaria·
972 520 1030 549 vir-

199 567 271 597 tutis
293 565 465 607 imaginem.
510 564 548 594 Id
569 572 671 595 autem
696 563 947 605 impedimentum
970 574 1028 593 non

198 617 258 640 tam
276 621 313 640 ex
330 606 462 639 motibus
477 608 599 649 proprie
614 606 805 649 planetarum
820 614 965 647 tanquam
983 618 1028 636 re-

198 653 286 683 motis
305 659 334 682 et
353 650 581 687 momentaneis,
597 662 689 692 quam
708 649 753 680 vel
778 661 814 679 ex
833 649 905 679 vitio
925 650 1030 680 matris

198 695 244 726 vel
260 707 296 726 ex
313 694 390 725 aeris
405 693 550 736 qualitate
561 693 720 735 conceptui
738 692 912 723 dissonante
925 704 1028 734 procc-

197 737 269 768 dere
279 738 408 780 judicat.

199 825 323 861 Desuto,
340 824 444 861 elfatis
456 836 464 850 .·
488 827 513 850 et
533 824 662 860 quomodo
684 824 774 850 (mima
794 824 949 859 priusquam
962 824 1029 860 salo

237 869 374 900 tangatur,
405 866 527 899 tangitur
554 873 644 891 (imore
672 865 797 899 corporis.
843 864 887 890 De
915 866 1031 891 (Immone

235 907 294 932 vitre
313 906 386 932 duce.
431 906 475 932 De
497 905 654 931 liberatione
676 904 780 941 asam
827 905 869 931 De
892 906 1031 941 principiis

236 947 344 972 εηιὶιιιιι.
382 946 519 976 Quomodo
534 946 625 971 aalma
641 949 731 971 nostra
746 946 825 971 ctiam
843 946 939 973 habeut
953 947 1030 981 prin-

235 987 297 1022 cipii
311 987 449 1012 rationem.

237 1041 307 1072 XV.
327 1042 506 1082 Postquam,
520 1040 594 1082 quid
612 1040 665 1071 fati
681 1052 760 1081 pars,
771 1041 801 1071 id
818 1049 873 1078 est,
885 1042 949 1083 ipsa
963 1049 1028 1071 tan-

195 1092 261 1114 tum
277 1084 306 1114 in
323 1083 387 1114 dies
408 1083 557 1114 revolutio
572 1083 635 1114 caeli
653 1083 761 1121 valeat,
777 1084 950 1127 explicavit,
963 1084 1026 1126 jam

194 1126 270 1168 quid
289 1134 387 1158 totum
409 1127 506 1157 fatum
525 1126 633 1163 valeat,
655 1126 796 1168 explicat.
844 1129 903 1158 Est
925 1135 1027 1158 autem

193 1170 291 1200 fatum
317 1169 490 1200 universum
510 1176 574 1200 tota
597 1170 755 1200 mobilium
779 1171 915 1201 omnium
938 1171 1027 1201 series

193 1224 366 1249 musarum,
383 1213 444 1242 sive
459 1212 602 1242 animales
625 1224 724 1243 causa·
747 1213 817 1251 sint,
834 1214 896 1244 sive
918 1225 1026 1255 corpo-

194 1267 265 1292 rea),
283 1267 335 1286 seu
351 1255 530 1297 superiores,
548 1255 609 1285 sive
624 1255 790 1286 inferiores.
837 1258 916 1287 Cum
934 1256 1028 1298 igitur

194 1310 382 1340 consequens
408 1298 549 1340 deinceps
579 1298 735 1329 mobilium
767 1311 926 1330 causarum
958 1311 1028 1330 con-

196 1341 285 1371 nexio
301 1342 397 1372 satum
420 1341 468 1379 sit,
483 1341 626 1371 nimirum
650 1342 804 1373 rationalis
827 1343 937 1380 anima,
955 1354 1028 1384 qua-

195 1391 283 1415 tenus
298 1384 337 1414 ab
356 1384 551 1414 intellectuali
568 1384 730 1415 stabilitate
749 1385 923 1427 digrediens
939 1385 1029 1416 latius

193 1426 364 1468 explicatur
386 1427 414 1457 in
439 1434 567 1464 motum,
584 1435 709 1458 eatenus
724 1428 777 1458 fati
794 1429 909 1471 laqueis
924 1428 1026 1470 impli—

193 1477 292 1500 catur.
337 1471 454 1501 Contra
478 1481 550 1500 vero
573 1470 647 1500 dum
675 1478 758 1501 totus
781 1472 901 1502 animus
928 1471 1027 1502 stabili

194 1524 319 1554 prorsus
333 1512 531 1555 intelligentia
547 1513 632 1550 vivit,
648 1513 739 1544 nullis
754 1514 808 1545 fati
826 1515 940 1545 retibus
956 1514 1027 1545 irre-

193 1555 279 1586 titur.
325 1555 435 1597 Cogita
454 1556 548 1597 igitur
568 1556 745 1587 rationalem
766 1557 796 1587 in
813 1558 913 1588 anima
928 1557 1025 1588 facul-

194 1606 297 1635 tatem,
321 1606 486 1640 postquam
510 1599 562 1629 diu
589 1599 744 1641 quondam
762 1600 838 1631 vixit
860 1600 890 1631 in
914 1608 1026 1637 mente,

194 1641 314 1672 tandem
332 1653 410 1672 novo
429 1642 562 1683 quodam
579 1649 664 1673 motu
682 1654 806 1685 vergere
826 1643 865 1674 ad
886 1651 1026 1674 naturam

193 1684 251 1715 sub
277 1696 307 1715 se
334 1685 512 1727 vegetalem,
540 1685 849 1728 imaginationemque
874 1687 1026 1728 quodam-

192 1727 284 1758 modo
307 1735 424 1758 naturae
447 1728 652 1769 conjunctam,
679 1729 804 1770 quando
831 1729 972 1760 videlicet
996 1730 1026 1760 in

194 1776 303 1800 natura
316 1770 592 1813 imaginationeque
607 1770 757 1813 ejusmodi
773 1773 900 1803 affectus
911 1773 949 1803 ad
963 1785 1028 1803 eor-

194 1824 314 1854 poream
326 1813 519 1856 nobilemque
530 1814 620 1845 vitam
633 1815 732 1846 acrius
744 1815 908 1847 invalescit.
937 1816 1027 1847 Tunc

194 1856 312 1886 animus
324 1868 403 1887 novo
411 1857 545 1898 quodam
559 1857 605 1888 sui
617 1866 703 1889 motu
716 1859 896 1900 propensius
906 1859 945 1889 ad
958 1871 1025 1889 mo-

195 1898 267 1928 bilia
281 1910 417 1940 vergens,
433 1907 525 1941 atque
540 1900 582 1931 ita
596 1901 738 1932 mobilem
755 1902 848 1932 vitam
864 1902 978 1944 eligens
995 1902 1025 1933 in

194 1941 291 1972 fatum
307 1941 377 1972 inde
390 1943 570 1984 prolabitur,
586 1944 815 1985 quodammodo
826 1945 927 1982 etiam,
941 1953 1026 1976 ante-

195 1995 288 2026 quam
299 1991 450 2016 terrenum
467 1997 576 2028 corpus
588 1986 789 2028 ingrediatur,
800 1995 830 2019 et
846 1988 1024 2030 priusquam

195 2027 226 2058 id
238 2038 348 2068 corpus
357 2028 543 2070 concipiatur
555 2029 584 2059 in
596 2037 691 2061 utero.
727 2031 821 2061 Forte
831 2031 910 2062 enim
924 2031 1026 2062 subito

195 2081 305 2111 corpus
321 2071 402 2101 subit
420 2071 547 2108 aerium,
565 2084 598 2102 ea
620 2073 809 2114 potissimum
832 2082 912 2105 sorte
927 2074 1024 2112 fatali,

195 2124 288 2155 quam
304 2120 334 2143 et
349 2113 412 2155 ipse
427 2114 518 2155 paulo
533 2123 602 2145 ante
623 2116 733 2158 partim
750 2116 893 2159 elegerat,
910 2125 940 2148 et
956 2129 1025 2160 par-

195 2156 249 2186 tim
266 2155 422 2186 harmonia
437 2157 539 2193 totius,
556 2167 585 2188 et
608 2165 681 2189 tunc
700 2159 751 2196 ita,
769 2168 799 2190 et
822 2171 902 2191 nunc
922 2161 1025 2203 potius

195 2199 238 2229 ita
253 2209 361 2228 sonans
383 2200 631 2231 accommodavit.
670 2203 850 2233 Daemonem
867 2215 939 2234 vero
953 2204 1025 2234 vitae

194 2241 303 2272 ducem
321 2247 393 2272 tunc
409 2242 540 2283 primum
557 2243 691 2281 sortitur,
706 2257 776 2275 cum
797 2245 930 2287 primum
946 2247 1025 2286 eius-

195 2284 277 2315 modi
294 2283 385 2314 vitam
402 2284 552 2316 affectavit
567 2286 717 2328 simulque
738 2287 837 2330 elegit.
883 2281 1027 2320 Similiter

195 2326 320 2370 quando
335 2326 476 2369 deinceps
492 2335 644 2359 tcrremnn
666 2342 776 2372 corpus
795 2331 916 2362 affectat
931 2338 961 2362 et
976 2332 1027 2362 eli-

194 2371 250 2411 git,
267 2378 340 2400 tunc
358 2370 427 2400 vitae
442 2370 569 2401 formam
586 2372 695 2413 partim
718 2384 772 2413 pro
788 2373 943 2411 electione,
960 2387 1028 2416 par-

195 2413 248 2444 tim
266 2424 321 2455 pro
337 2413 494 2443 harmonia
508 2413 583 2450 czeli,
600 2414 673 2444 dum
689 2415 772 2455 eligit
788 2428 821 2446 ac
837 2416 910 2446 dum
928 2417 1026 2458 ingre-

194 2456 289 2494 ditur,
313 2464 468 2497 regnante,
492 2456 589 2486 sortiri
614 2464 752 2497 putatur,
773 2458 971 2500 similiterque
995 2461 1025 2490 in

193 2499 240 2530 his
256 2511 273 2530 a
288 2499 427 2529 daemone
442 2499 521 2528 duci.
569 2500 747 2530 Daemonem
766 2512 835 2531 vero
858 2501 923 2531 dari
939 2503 1026 2533 nobis

195 2542 337 2584 AEgyptii
355 2541 471 2577 volunt,
488 2542 526 2571 ab
542 2541 607 2583 ipso
623 2541 795 2573 daemonum
814 2544 939 2584 praeside
958 2546 1025 2576 Deo

193 2585 231 2616 ad
249 2585 351 2616 electa·
363 2585 425 2626 jam
445 2584 514 2614 vita·
529 2596 677 2621 normam,
694 2593 786 2626 atque
801 2586 839 2616 ad
856 2598 1023 2618 consonan-

195 2628 266 2658 tiam
297 2628 427 2658 universi
457 2627 610 2657 electionis
640 2628 767 2669 tempori
798 2629 1002 2661 concinentem
1016 2643 1022 2661 z

195 2682 255 2701 uon
277 2671 316 2701 ab
339 2679 420 2701 astro
441 2670 585 2712 quodam,
610 2681 669 2700 non
693 2682 709 2701 a
734 2670 864 2712 planeta,
882 2680 915 2703 ut
937 2680 1026 2715 putat

1074 220 1276 262 Porphyrius,
1293 220 1344 261 qui
1367 220 1396 249 in
1414 220 1479 261 ipsa
1500 221 1705 260 generationis
1722 223 1819 263 ligura
1841 224 1909 265 plus

1072 263 1183 304 possit:
1209 263 1339 304 ideoque
1363 262 1485 303 proprie
1505 262 1687 299 (la-monem,
1704 266 1846 305 quoniam
1869 267 1907 297 ad

1071 313 1251 335 concentum
1274 304 1380 335 mundi
1398 305 1554 341 tribuitur,
1573 306 1636 335 fato
1654 306 1784 336 aniinam
1803 310 1850 346 (ut
1868 309 1909 340 ita

1072 348 1194 389 loquar)
1219 347 1458 378 accommodare.
1505 347 1584 384 Quia
1601 360 1673 378 vero
1694 348 1786 379 datur
1807 362 1823 379 a
1842 352 1909 381 Deo

1071 399 1101 421 et
1123 391 1162 421 ad
1185 391 1294 421 anima·
1316 390 1410 433 ipsius
1432 390 1628 420 electionem:
1654 391 1808 432 daturque
1830 393 1892 423 divi

1073 445 1130 464 uus
1145 446 1161 464 a
1178 435 1241 464 fato
1258 445 1362 464 rursus
1378 433 1607 475 quodammodo
1622 434 1752 464 animam
1773 434 1909 473 liberare,

1072 477 1215 514 animam,
1238 477 1376 518 inquam,
1401 476 1430 506 in
1452 476 1634 514 ‹bemont-m,
1659 488 1773 518 perque
1798 477 1910 507 ‹hemo-

1074 531 1141 550 nem
1167 520 1194 550 in
1218 521 1320 550 Deum
1348 519 1535 561 quandoque
1558 531 1743 550 conversam.
1791 520 1911 551 Idcirco

1076 563 1301 605 Pythagoricus
1316 562 1365 593 ille
1381 571 1488 593 cantus
1504 569 1570 592 orat
1591 564 1715 599 Jovem,
1734 569 1765 593 ut
1784 563 1830 593 vel
1847 563 1911 604 ipsc

1074 618 1128 637 nos
1150 607 1188 637 ab
1213 606 1258 636 his
1282 606 1368 636 malis
1390 606 1538 641 absolvat,
1557 605 1600 635 vel
1626 605 1743 641 saltem,
1765 618 1828 647 quo
1850 606 1911 637 dae—

1074 661 1162 679 mone
1179 657 1313 686 utamur,
1331 648 1481 679 ostendat.
1520 649 1701 690 Respondet
1716 649 1849 690 denique
1866 661 1911 679 so-

1074 692 1217 723 lutionem
1237 693 1416 734 sperandam
1438 704 1500 721 esse
1524 703 1577 733 per
1598 691 1786 722 divinitatem
1809 704 1909 733 quan-

1072 735 1142 765 dam
1166 735 1252 766 nobis
1275 736 1406 772 insitam,
1431 735 1579 776 nobisque
1606 734 1754 765 malornm
1779 735 1912 766 remedia

1072 779 1295 821 subgesturam.
1344 780 1381 808 In
1399 777 1503 820 primis
1525 786 1626 808 autem
1652 778 1806 808 memoria¹
1827 790 1909 808 com-

1073 822 1248 852 mendabis:
1275 821 1373 863 primo
1398 821 1521 862 quidem
1544 821 1614 851 vita·
1637 828 1746 851 sortem
1769 822 1911 851 formam-

1074 877 1134 907 que
1150 865 1272 895 vivendi
1293 876 1352 895 non
1370 877 1385 894 a
1402 865 1476 901 fato,
1494 864 1545 894 sed
1562 864 1600 894 ab
1616 864 1774 894 affectione
1791 872 1817 894 et
1836 864 1911 895 elec-

1075 916 1156 938 tione
1168 908 1277 938 animae
1293 908 1436 944 exordiri,
1450 919 1566 949 perque
1582 915 1740 948 acceptum
1758 919 1827 937 mox
1845 908 1908 938 die-

1075 963 1195 981 monem
1209 950 1438 992 quodammodo
1450 950 1597 991 expediri.
1633 950 1785 988 Secundo,
1800 958 1910 981 sortem

1076 994 1277 1036 formamque,
1304 1001 1337 1024 ut
1361 994 1437 1030 dixi,
1460 993 1580 1023 vivendi
1603 993 1698 1035 accipi
1721 993 1783 1024 sive
1806 994 1911 1035 peragi

1073 1037 1119 1068 vel
1136 1037 1280 1079 compleri
1303 1036 1532 1078 quodammodo
1551 1036 1642 1066 etiam
1666 1048 1684 1066 a
1700 1044 1763 1066 tota
1785 1036 1912 1078 disposi-

1073 1081 1154 1111 tione
1185 1080 1350 1116 mundana,
1382 1092 1452 1121 quze
1480 1079 1634 1110 concurrit
1665 1079 1812 1120 undique,
1844 1088 1909 1110 tum

1072 1123 1197 1165 quando
1209 1123 1309 1153 anima
1318 1134 1429 1164 corpus
1439 1123 1559 1152 affectat
1570 1130 1598 1152 et
1609 1122 1775 1163 eligit,tum
1786 1123 1912 1164 quando

1072 1178 1184 1208 corpus
1213 1166 1394 1208 ingreditur.
1441 1165 1560 1201 Tertio,
1588 1165 1813 1206 dispositionem
1840 1166 1911 1196 vitae

1072 1221 1131 1240 non
1156 1209 1245 1240 talem
1272 1209 1424 1239 duntaxat
1446 1209 1521 1245 fore,
1545 1208 1666 1249 qualem
1692 1208 1755 1238 sola
1781 1208 1911 1239 caelestia

1071 1253 1150 1283 forte
1172 1252 1388 1283 decernerent:
1415 1251 1466 1281 sed
1492 1251 1613 1292 qualem
1636 1251 1737 1291 potius
1760 1251 1910 1282 inferioris

1073 1295 1206 1326 materiae
1216 1294 1410 1336 praeparatio,
1422 1303 1449 1324 et
1464 1294 1558 1329 locus,
1572 1301 1601 1324 et
1613 1301 1722 1324 natura
1736 1303 1909 1335 parentum,

1072 1338 1320 1380 imaginatioque,
1338 1344 1367 1367 et
1390 1345 1510 1373 cretcra,
1527 1348 1597 1378 quae
1619 1336 1827 1374 circumstant,
1850 1349 1911 1368 una

1072 1393 1141 1412 cum
1169 1381 1341 1411 caelestibus
1365 1380 1528 1421 conjuncta
1552 1379 1727 1410 conficiunt.
1778 1381 1908 1417 Quarto,

1071 1436 1108 1454 ex
1126 1424 1172 1454 his
1195 1424 1338 1454 omnibus
1358 1423 1454 1465 sequi,
1473 1430 1505 1453 ut
1527 1422 1614 1453 multi
1638 1423 1695 1453 sub
1718 1423 1823 1453 eadem
1847 1435 1910 1453 om-

1071 1468 1143 1497 nino
1158 1467 1223 1498 caeli
1240 1466 1438 1509 dispositione
1454 1473 1610 1496 nascentes
1625 1465 1800 1496 dissimilem
1824 1466 1910 1497 sorti-

1069 1518 1162 1541 antur
1177 1517 1319 1541 eventum
1335 1522 1340 1540 :
1370 1510 1514 1551 quoniam
1531 1516 1560 1538 et
1578 1508 1669 1539 altius
1685 1517 1755 1539 ante
1771 1509 1910 1540 nativita-

1070 1561 1144 1592 tem,
1161 1553 1207 1583 vel
1225 1553 1314 1584 etiam
1335 1561 1405 1583 ante
1427 1551 1654 1594 conceptionem
1672 1552 1839 1583 trahuntur
1854 1552 1908 1582 fati

1070 1596 1247 1638 primordia,
1263 1605 1293 1627 et
1315 1608 1372 1638 pro
1394 1595 1571 1625 inferiorum
1595 1606 1744 1625 concursu
1768 1595 1909 1637 expletur

1070 1639 1125 1670 fati
1147 1639 1291 1670 conditio.
1339 1639 1464 1676 Quinto,
1483 1637 1632 1668 neminem
1654 1649 1741 1680 posse
1759 1638 1803 1668 vel
1820 1650 1909 1680 supe-

1070 1683 1151 1713 riora
1174 1683 1336 1724 suspicere,
1353 1682 1399 1712 vel
1423 1682 1488 1712 haee.
1510 1681 1611 1711 omnia
1635 1681 1757 1719 intueri,
1774 1681 1821 1711 vel
1842 1681 1907 1712 haec

1072 1737 1133 1756 una
1148 1737 1217 1756 cum
1233 1725 1291 1756 illis
1308 1725 1363 1755 rite
1385 1724 1556 1766 complecti,
1574 1723 1631 1759 vel,
1648 1724 1724 1765 quid
1742 1736 1778 1754 ex
1801 1736 1906 1754 eorum

1070 1768 1282 1811 complexione
1308 1768 1393 1799 velut
1407 1780 1444 1798 ex
1475 1779 1566 1798 causa
1593 1774 1749 1809 sequatur,
1775 1768 1908 1809 perfecte

1070 1824 1262 1853 cognoscere.
1309 1813 1413 1848 Sexto,
1433 1810 1584 1853 judicium
1608 1822 1661 1852 per
1681 1810 1767 1852 signa
1782 1822 1907 1852 prorsus

1070 1855 1141 1886 inde
1167 1854 1326 1892 confundi,
1349 1854 1433 1896 quod
1457 1865 1494 1884 ex
1522 1853 1648 1883 diversis
1677 1853 1764 1884 sortis
1795 1861 1905 1884 nostrae

1070 1898 1254 1941 primordiis,
1265 1898 1425 1939 causisque
1440 1897 1518 1927 inter
1534 1908 1564 1926 se
1580 1896 1738 1938 oppositis,
1754 1896 1908 1938 rebusque

1069 1941 1227 1972 contrariis
1247 1940 1449 1983 complurima
1472 1940 1550 1970 inter
1570 1951 1600 1970 sc
1623 1939 1827 1980 discrepantia
1845 1947 1904 1970 tra-

1070 1985 1189 2015 huntur
1218 1984 1347 2014 indicia:
1374 1983 1434 2013 imo
1458 1990 1488 2013 et
1512 1994 1549 2012 ex
1573 1982 1638 2012 aliis
1662 1983 1748 2024 quasi
1773 1982 1906 2024 vestigiis

1070 2027 1126 2058 alia
1142 2027 1386 2064 confunduntur,
1405 2034 1449 2063 ut,
1466 2037 1536 2056 vere
1547 2025 1688 2067 judicare
1703 2025 1741 2056 de
1762 2033 1851 2061 sorte,
1869 2026 1905 2056 sit

1071 2071 1158 2101 sortis
1186 2069 1345 2112 eujusdam
1374 2069 1487 2111 potius,
1513 2080 1605 2110 quam
1637 2068 1778 2100 scientim.
1832 2070 1904 2099 Post

1070 2114 1134 2144 haec
1151 2122 1253 2144 autem
1279 2112 1425 2143 Lachesis
1445 2112 1570 2153 quidem
1593 2112 1715 2142 nomine
1737 2119 1831 2142 sortes
1846 2112 1906 2142 for-

1069 2169 1195 2198 masque
1211 2156 1333 2186 vivendi
1353 2155 1426 2186 dicit
1445 2155 1623 2196 significari:
1650 2155 1771 2185 nomine
1793 2154 1906 2185 Clotho

1069 2199 1315 2230 convolutionem
1326 2210 1430 2229 earum
1441 2197 1710 2239 evolutionemque
1722 2198 1840 2228 ostendi
1852 2210 1906 2240 per

1070 2243 1244 2274 universum
1260 2255 1266 2272 :
1292 2244 1429 2283 Atropos
1445 2241 1578 2283 denique
1596 2241 1796 2271 necessarium
1814 2241 1906 2283 hujus

1069 2285 1278 2328 explicationis
1287 2285 1442 2315 effectum:
1461 2284 1673 2321 necessarium,
1684 2284 1821 2326 inquam,
1832 2296 1906 2325 qua-

1070 2337 1159 2360 tenus
1181 2328 1316 2360 consistit
1338 2328 1367 2358 in
1395 2335 1504 2358 natura
1527 2326 1581 2358 fati
1604 2333 1633 2357 et
1660 2334 1811 2368 quantum
1836 2327 1906 2357 huic

1069 2373 1169 2403 anima
1184 2372 1274 2403 cedit.
1311 2372 1348 2401 In
1365 2370 1585 2411 fato,inquam,
1601 2370 1674 2411 quia
1690 2370 1823 2401 fatorum
1840 2382 1906 2411 reg-

1070 2427 1143 2446 num
1167 2415 1256 2446 Plato
1275 2414 1396 2456 proprie
1414 2413 1501 2456 ponit
1524 2413 1552 2443 in
1577 2413 1670 2444 ezelo:
1695 2413 1825 2455 ideoque
1852 2413 1906 2443 ibi-

1069 2459 1137 2489 dem
1152 2458 1230 2489 inter
1246 2458 1311 2499 ipsa
1327 2457 1457 2488 caelestia
1473 2464 1601 2487 eventus
1613 2468 1732 2498 semper
1747 2464 1792 2486 cst
1808 2467 1906 2486 neees-

1069 2501 1175 2532 sarius.
1224 2502 1264 2531 At
1287 2501 1310 2530 si
1338 2500 1504 2531 caelestium
1532 2499 1703 2536 concentui,
1728 2499 1903 2529 inferiorum

1068 2556 1193 2586 quoque
1219 2544 1298 2574 inter
1320 2555 1351 2573 se
1374 2542 1559 2574 confluentia
1582 2542 1704 2584 penitus
1727 2548 1904 2587 consonaret

1071 2586 1147 2627 [Ed.
1163 2598 1210 2628 pr.
1226 2587 1403 2629 consonet]
1428 2585 1595 2616 necessario
1617 2585 1790 2627 proveniret
1806 2591 1835 2613 et
1857 2583 1903 2613 h1c

1068 2630 1122 2660 fati
1139 2630 1295 2660 decretum
1309 2642 1314 2659 :
1334 2629 1385 2659 sed
1402 2629 1529 2659 fortasse
1544 2639 1603 2658 uon
1617 2634 1770 2658 consonat.
1810 2626 1904 2655 Forte

1068 2672 1147 2703 enim
1164 2672 1274 2702 accidit
1294 2671 1437 2702 inferiora
1452 2678 1482 2702 et
1497 2671 1539 2702 ita
1555 2670 1634 2701 intra
1649 2682 1679 2700 se
1694 2668 1856 2706 confluere,
1873 2676 1901 2698 ct

1120 2715 1243 2754 11h2
