2201 2990
597 151 660 191 IN
690 149 802 189 LIB.
833 148 889 187 ΙΙ.
920 146 1177 186 ENNEAD.
1208 143 1462 183 TERTIAE.

195 250 274 281 dinis
293 249 455 292 procreari,
471 259 506 278 ea
521 246 632 277 scilicet
647 245 831 282 conditione,
848 255 910 286 qua
932 242 1035 274 condi-

196 300 276 324 tores
298 292 382 335 apud
404 302 458 322 nos
480 290 583 331 legum
606 300 644 319 ex
667 288 741 330 legis
764 287 911 318 naturalis
937 294 1034 316 trans-

194 336 348 377 gressione
372 334 576 365 admonentur
595 331 635 361 ad
658 330 739 372 leges
762 329 884 372 populis
904 328 1034 359 conscri-

195 378 326 409 bendas:
351 376 403 407 sed
429 376 493 417 ipsa
517 373 682 405 essentialis
704 374 803 404 forma
827 380 891 403 tum
920 371 1032 402 divinae

195 420 313 458 mentis,
326 427 390 450 tum
407 418 517 449 deinde
533 424 652 448 naturae
667 416 717 446 lex
732 423 777 446 est
789 415 925 446 omnium
939 421 1033 455 atque

194 463 277 493 ordo.
322 460 478 502 Quicquid
501 460 595 502 igitur
618 459 658 489 ob
681 458 891 500 impotentiam
919 457 958 487 ab
980 468 1033 498 op-

194 505 268 536 timo
289 504 346 535 hoc
363 504 469 534 ordine
491 503 604 540 deficit,
619 502 720 532 statim
743 501 849 532 eodem
872 500 980 531 ordine
1002 500 1032 530 in

194 547 307 578 malum
323 547 404 578 cadit
419 558 436 577 a
452 547 543 583 bono,
560 545 591 576 in
607 544 735 582 malum,
752 544 890 586 inquam,
902 543 968 579 sibi,
981 543 1033 573 sed

194 590 310 621 mundo
326 590 458 620 bonum:
483 596 635 630 quatenus
651 587 693 618 ita
711 587 836 617 demum
853 593 882 617 et
898 586 969 616 illuc
985 598 1033 616 ca-

194 633 250 670 dit,
263 633 340 663 sicut
356 640 385 663 et
400 644 463 674 quo
475 631 569 663 totius
580 631 656 661 ordo
669 630 797 672 requirit
811 642 817 660 :
836 630 950 660 malum
962 640 1034 659 vero

193 676 342 718 cujusque
358 675 515 718 proprium
538 685 598 704 non
621 685 685 704 esse
707 673 802 710 aliud,
819 684 913 714 quam
934 672 1034 702 defec-

194 727 260 750 tum
276 718 434 760 ejusmodi.
481 718 531 748 Ita
548 716 700 747 Proculus
718 715 903 758 Dionysium
923 716 972 754 (ut
988 726 1035 745 ar-

194 761 304 802 bitror)
326 769 447 792 secutus
471 760 694 802 Areopagitam
721 759 864 801 explicat.
911 757 1034 789 Malum

194 815 293 846 neque
308 812 352 835 est
364 804 394 834 in
411 804 501 834 rebus
516 802 783 840 intellectualibus,
801 813 870 832 nam
886 801 1035 843 proximae

194 854 265 877 sunt
281 847 337 889 ipsi
358 847 458 878 bono:
483 858 583 888 neque
603 846 632 876 in
654 846 815 876 animabus
837 844 1033 887 corporibus-

194 901 255 932 que
271 889 503 927 universalibus,
521 888 698 920 universalis
713 889 793 919 enim
806 888 903 918 forma
919 895 947 918 et
964 899 1035 917 auc-

195 932 300 963 toritas
318 940 363 963 est
385 932 509 974 propria
531 933 623 963 bono.
669 931 838 973 Reliquum
863 938 908 961 est
929 930 1034 972 igitur,

195 982 229 1006 ut
251 974 365 1006 malum
389 975 419 1005 in
440 975 677 1017 particularibus
700 975 738 1005 sit
760 974 920 1005 animabus
942 981 1036 1015 atque

194 1018 384 1060 corporibus.
430 1019 541 1060 Neque
556 1025 657 1049 tamen
674 1018 703 1048 in
720 1018 829 1048 horum
847 1016 983 1047 essentiis
998 1028 1035 1046 ex

194 1061 264 1092 Deo
286 1060 381 1092 natis:
406 1073 506 1103 neque
531 1073 637 1092 rursus
656 1061 686 1091 in
710 1060 902 1091 naturalibus
925 1060 1035 1090 horum

195 1104 329 1135 viribus:
354 1115 424 1135 nam
441 1116 479 1135 ex
503 1105 572 1135 Deo
591 1116 715 1146 quoque
737 1103 923 1146 dependent.
970 1104 1037 1133 Ho-

196 1158 264 1177 rum
287 1146 382 1189 igitur
404 1147 575 1178 actionibus
598 1147 751 1178 duntaxat
773 1146 883 1177 accidit
900 1146 1035 1176 malum:

196 1190 248 1220 sed
264 1198 415 1232 quantum
433 1197 550 1232 spectat
570 1190 609 1221 ad
633 1190 759 1228 animas,
777 1201 836 1220 non
860 1190 891 1219 in
914 1188 1038 1219 actioni-

195 1233 254 1263 bus
269 1232 394 1275 quidem
410 1244 514 1264 earum
532 1233 747 1264 rationalibus:
773 1244 877 1263 omnes
889 1231 969 1262 enim
985 1243 1039 1273 ap-

196 1283 307 1318 petunt
322 1276 456 1306 bonum:
481 1288 581 1317 neque
605 1287 727 1307 rursum
750 1276 780 1306 in
800 1275 971 1306 actionibus
991 1286 1039 1304 ea-

197 1330 266 1349 rum
290 1318 406 1350 ratione
429 1320 617 1350 carentibus:
644 1319 692 1350 hae
715 1330 847 1360 namque
871 1324 981 1348 natura
996 1317 1038 1347 fe-

197 1368 327 1392 runtur:
353 1361 406 1392 sed
431 1362 461 1392 in
484 1362 617 1404 quadam
643 1373 748 1392 earum
775 1362 853 1392 inter
876 1373 906 1391 se
936 1360 1039 1391 incon-

197 1404 341 1447 gruitate,
358 1416 451 1447 quam
474 1405 711 1448 asyminetriam‚
728 1405 758 1435 id
782 1412 837 1440 est,
854 1404 1039 1434 incommen-

198 1448 383 1478 surationem
400 1455 519 1479 vocant⁴
567 1449 725 1486 Quantum
742 1447 854 1478 deinde
869 1453 983 1489 spectat
999 1446 1039 1476 ad

198 1502 337 1533 corpora,
361 1492 475 1521 malum
499 1502 560 1522 non
583 1499 628 1522 est
650 1491 680 1521 in
705 1491 812 1521 forma.
860 1489 936 1520 Vult
958 1489 1039 1520 enim

199 1534 334 1565 materiae
363 1533 524 1564 dominari.
569 1535 680 1576 Neque
710 1534 820 1564 iterum
846 1532 876 1563 in
903 1532 1040 1569 materia,

199 1588 269 1607 nam
286 1576 404 1619 appetit
419 1577 575 1607 exornari:
594 1577 645 1607 sed
662 1577 692 1607 in
709 1576 844 1607 materiae
855 1575 895 1606 ad
910 1576 1041 1606 formam

199 1620 412 1662 ineptitudine.
432 1620 514 1650 unde
536 1620 702 1657 concludit,
719 1619 832 1650 malum
853 1630 944 1649 omne
964 1630 1042 1660 prae-

200 1671 246 1694 ter
271 1662 497 1693 subsistentiam
521 1674 594 1700 esse,
619 1670 648 1694 et
671 1662 819 1704 quicquid
846 1661 980 1703 denique
1004 1661 1042 1692 sit

199 1705 302 1737 subito
314 1717 476 1748 surrepens
486 1706 543 1736 sub
559 1706 631 1736 boni
643 1705 816 1736 conditione
831 1704 979 1735 divinitus
994 1716 1042 1735 co-

200 1749 300 1780 lorari.
346 1748 508 1780 Existente
534 1749 659 1790 quidem
688 1748 883 1790 generatione
909 1758 1043 1778 necessa-

200 1792 245 1823 rio
260 1792 291 1822 id
311 1803 435 1834 quoque
454 1792 576 1822 subesse
598 1792 637 1822 ad
660 1791 848 1822 mundanam
869 1791 1043 1821 conducens

202 1835 429 1876 perfectionem,
445 1835 497 1865 sed
512 1835 616 1865 divina
632 1834 824 1882 providentia
836 1834 939 1864 omnia
955 1845 1043 1875 supe-

203 1885 299 1914 rante,
325 1877 466 1919 bonaque
488 1877 609 1908 volente
632 1889 661 1908 1n
686 1877 801 1908 bonum
825 1877 949 1907 mirifice
974 1888 1044 1907 con-

204 1919 339 1951 formari.
375 1922 424 1951 Ac
440 1921 463 1950 si
479 1920 607 1951 aliorum
620 1920 837 1958 destructione,
849 1920 936 1962 quasi
952 1919 1043 1956 mala,

205 1963 303 1994 utitur
317 1962 356 1992 ad
375 1962 502 1993 aliorum
526 1963 794 2001 constructionem,
810 1963 897 2005 quasi
921 1963 1043 2000 bonam,

205 2013 235 2036 et
251 2005 471 2036 restitutionem
488 2006 606 2043 mundi,
618 2013 763 2048 tanquam
776 2005 1044 2049 optimam‚multo

206 2048 302 2090 magis
317 2048 438 2079 defectu
455 2049 590 2090 quodam
605 2049 714 2080 animae
737 2049 782 2080 uti
805 2048 985 2080 mirabiliter
1004 2048 1044 2079 ad

206 2092 387 2165 perfectum.
434 2092 471 2121 In
494 2091 601 2133 capitis
622 2091 715 2134 hujus
738 2092 818 2123 calce
842 2092 962 2122 notabis
985 2099 1045 2122 tres

216 2134 330 2165 iabitus
345 2133 376 2163 in
391 2133 504 2164 malum
520 2134 665 2165 contracti
680 2146 801 2166 causas:
826 2135 955 2177 primam
975 2134 1043 2176 qui-

207 2177 277 2208 dem
294 2176 517 2207 inclinationem
534 2176 626 2214 illam,
642 2189 704 2218 qua
719 2178 809 2208 etiam
828 2185 898 2208 ante
914 2189 1046 2219 praesen-

208 2228 269 2251 tem
285 2219 377 2250 vitam
401 2219 493 2261 coepit
515 2219 616 2250 anima
637 2219 676 2250 ad
698 2220 791 2250 vitam
811 2220 962 2263 ejusmodi
982 2232 1047 2251 ver-

207 2275 291 2305 gere,
315 2261 525 2304 paulatimque
547 2262 724 2304 propensior
745 2262 819 2293 fieri.
865 2263 1048 2301 Secundam,

209 2317 320 2348 corpus
336 2304 376 2335 sic
392 2305 548 2342 affectum,
560 2312 595 2335 ut
609 2305 738 2335 animam
753 2305 792 2336 ad
806 2305 876 2336 talia
892 2314 1048 2347 provocet,

210 2356 240 2380 et
262 2348 362 2379 statim
380 2348 419 2378 ab
435 2347 520 2378 initio
542 2348 707 2385 incautam,
723 2354 752 2378 et
776 2348 917 2390 deinceps
939 2349 1048 2390 grada-

211 2392 264 2423 tim
287 2390 497 2422 assuefactam.
541 2390 690 2428 Tertiam,
705 2390 841 2421 subitum
863 2391 1047 2422 sensibilium

211 2445 371 2466 occursum
388 2444 443 2475 per
459 2444 563 2463 sensus
584 2433 614 2463 in
637 2433 781 2471 animam,
799 2434 839 2463 sic
856 2441 910 2464 aut
926 2433 966 2464 sic
982 2434 1048 2464 affi-

211 2478 338 2509 cientem
355 2476 449 2512 illam,
466 2483 629 2517 antequam
646 2475 733 2513 ratio,
750 2475 797 2505 vel
817 2475 1049 2513 animadvertat,

212 2520 260 2551 vel
282 2527 402 2550 mature
431 2518 589 2555 deliberet,
615 2525 645 2548 ct
667 2518 791 2548 omnino
813 2518 908 2560 ipsam
932 2519 1051 2550 consul-

212 2563 307 2595 tando
322 2562 415 2593 animi
438 2561 664 2603 negligentiam.
713 2560 858 2602 Sequitur
880 2568 983 2592 autem
1001 2573 1052 2592 ne-

212 2605 340 2638 cessario
356 2616 455 2647 poena.
504 2605 583 2634 Nam
599 2603 706 2634 electio
724 2603 789 2645 ipsa
806 2603 962 2645 motioque
984 2616 1052 2646 per-

214 2660 301 2680 versa
322 2656 351 2679 et
372 2655 530 2690 peccatum
546 2654 602 2683 est,
619 2653 649 2676 et
670 2657 772 2688 poena,
787 2646 895 2676 acriter
917 2646 1052 2688 affligens

215 2692 357 2728 animam,
368 2691 464 2721 donec
475 2689 667 2733 providentia
682 2700 764 2720 more
777 2688 885 2719 medici
899 2700 953 2731 per
963 2689 1054 2721 afflic-

272 2749 363 2774 voL.
388 2750 412 2773 1.

1843 157 1919 194 433

1080 240 1170 271 tionis
1185 239 1336 281 ejusmodi
1361 237 1500 269 stimulos
1522 238 1654 268 animam
1671 245 1765 275 sanet,
1782 239 1857 270 dum
1881 239 1921 270 sic

1078 283 1119 314 ad
1145 282 1269 313 habitus
1292 281 1426 323 perversi
1450 280 1556 310 odium
1585 288 1741 321 provocat,
1767 282 1920 322 poeniten·

1078 326 1214 367 tiamque
1230 323 1384 355 electionis
1399 323 1524 365 iniquae,
1539 329 1632 363 atque
1649 322 1776 352 vicissim
1794 324 1831 354 ad
1848 336 1920 355 con-

1077 368 1178 400 trariae
1193 367 1347 398 electionis
1361 377 1505 397 amorem.
1553 364 1698 396 Similiter
1713 364 1819 395 electio
1841 375 1922 398 recta

1077 419 1107 443 et
1123 410 1242 454 praemii
1253 409 1342 440 simul
1356 417 1401 440 est
1414 417 1443 440 et
1454 407 1576 439 virtutis
1588 407 1761 438 exordium.
1796 408 1922 439 Utrum-

1077 467 1138 497 que
1154 466 1226 484 vero
1241 453 1305 484 fieri
1330 451 1482 483 Proculus
1503 451 1546 482 ait
1568 462 1661 493 opera
1683 449 1796 481 divinae
1822 452 1923 492 provi-

1077 497 1190 529 dentiae
1217 496 1300 528 intus
1321 495 1440 538 agentis
1463 505 1634 535 sanumque
1656 493 1793 523 animum
1819 493 1920 524 oblec-

1077 541 1180 578 tantis,
1196 540 1337 570 insanum
1354 550 1427 569 vero
1442 536 1621 568 mirabiliter
1636 536 1809 578 affligentis.

1079 628 1227 665 Coafirmat
1247 627 1347 654 eadem.
1395 626 1446 653 Ubi
1460 629 1525 652 nota
1539 625 1642 659 gradus
1656 625 1693 650 ad
1703 623 1880 660 felicitatem,
1897 627 1922 650 et

1240 668 1344 703 synesii
1357 667 1515 693 sententiam
1532 666 1564 691 (Ie
1575 665 1754 701 providentia.

1121 714 1158 745 V.
1184 714 1398 745 Intellectibus
1427 712 1552 755 quidem
1583 719 1730 753 tanquam
1763 709 1922 741 stabilibus

1079 757 1199 800 ipsique
1214 758 1295 788 bono
1311 756 1493 799 propinquis
1508 755 1661 791 convenit,
1676 761 1710 784 ut
1726 753 1786 784 sint
1801 753 1920 784 felices:

1078 801 1239 832 animabus
1268 807 1371 831 autem
1395 806 1541 841 tanquam
1564 797 1729 828 mobilibus
1754 796 1922 827 remotiori-

1079 845 1200 885 busque
1215 842 1372 885 competit,
1388 851 1423 873 ut
1440 842 1542 872 felices
1563 840 1748 872 efficiantur:
1778 839 1829 869 sed
1850 839 1923 881 quia

1078 899 1133 930 per
1149 899 1179 917 se
1195 886 1332 923 mobiles,
1345 892 1379 916 ut
1396 896 1451 916 sua
1466 896 1559 927 opera
1570 883 1644 915 tales
1659 884 1744 914 fiant.
1788 884 1835 913 At
1850 893 1922 912 vero

1078 930 1239 961 animabus
1261 927 1523 960 communioribus
1548 926 1708 958 beatitudo
1736 925 1818 956 brevi
1843 937 1922 967 qua·

1079 973 1149 1004 dam
1166 984 1260 1015 opera
1274 979 1481 1014 comparatur.
1520 970 1696 1001 Animabus
1709 976 1811 999 autem
1829 968 1923 1010 parti-

1079 1016 1235 1047 cularibus
1253 1027 1380 1058 operosa
1402 1014 1528 1045 felicitas
1547 1013 1674 1054 obtigit:
1700 1012 1774 1054 ipsae
1797 1011 1922 1053 quidem

1081 1072 1111 1090 se
1126 1059 1240 1097 beatas,
1257 1058 1309 1089 sed
1326 1058 1418 1099 longo
1435 1065 1572 1099 tempore
1587 1056 1752 1097 laboreque
1776 1054 1922 1085 reddunt.

1082 1104 1226 1144 Cumque
1241 1113 1346 1132 omnes
1358 1100 1546 1143 quandoque
1561 1099 1591 1129 id
1608 1098 1728 1140 assequi
1744 1097 1871 1140 possint,
1885 1097 1922 1128 de

1081 1145 1254 1176 conditione
1270 1151 1372 1175 nostra
1388 1144 1472 1174 nefas
1494 1150 1538 1173 est
1556 1141 1714 1183 conqueri,
1731 1152 1831 1182 neque
1852 1152 1921 1170 rur-

1082 1200 1148 1219 sum
1166 1188 1234 1219 licet
1258 1188 1297 1218 de
1317 1186 1511 1229 providentia
1525 1185 1629 1215 divina
1650 1192 1776 1227 propter
1796 1183 1925 1214 adversa

1081 1231 1230 1262 diffidere.
1276 1229 1364 1261 Audi
1381 1229 1543 1272 Synesium
1558 1228 1750 1258 Platonicum
1768 1227 1824 1257 hac
1836 1226 1875 1256 de
1892 1238 1923 1257 re

1082 1275 1184 1305 divine
1207 1274 1399 1315 loquentem:
1426 1272 1563 1302 Adversa
1586 1270 1688 1307 etiam,
1715 1282 1786 1311 quae
1812 1276 1925 1311 praeter

1082 1317 1190 1348 merita
1216 1316 1304 1347 nobis
1323 1315 1468 1346 videntur
1489 1313 1636 1350 accidere,
1659 1313 1827 1355 plurimum
1853 1323 1924 1342 con-

1081 1361 1186 1391 ferunt
1208 1359 1247 1390 ad
1274 1359 1400 1389 noxium
1423 1358 1578 1394 affectum,
1602 1368 1665 1398 quo
1691 1355 1813 1386 caducis
1835 1355 1926 1386 affici-

1082 1415 1162 1441 mur,
1173 1402 1402 1444 extirpandum.
1425 1400 1573 1431 Fortunis
1582 1406 1663 1430 certe
1677 1398 1827 1441 ejusmodi
1840 1398 1926 1440 apud

1082 1458 1132 1477 eos
1159 1446 1213 1488 qui
1239 1453 1372 1476 mentem
1397 1444 1521 1480 habent,
1546 1442 1739 1485 providentia
1768 1442 1927 1472 confirma-

1084 1497 1147 1527 tur,
1168 1489 1282 1531 quibus
1308 1494 1338 1518 et
1365 1487 1419 1529 qui
1446 1493 1548 1517 mente
1574 1485 1656 1528 capti
1682 1490 1765 1522 sunt,
1788 1484 1927 1514 diffidere

1085 1532 1123 1563 de
1146 1531 1340 1574 providentia
1361 1530 1467 1561 solent.
1512 1528 1628 1559 Nullus
1642 1528 1721 1558 enim
1742 1527 1927 1568 relinquitur

1085 1575 1195 1606 animae
1209 1575 1305 1612 locus,
1318 1585 1380 1616 quo
1395 1572 1552 1603 materiam
1565 1571 1675 1613 fugiat,
1692 1570 1733 1601 sic
1749 1570 1778 1600 in
1796 1569 1926 1612 patriam

1086 1630 1255 1655 reversura,
1266 1617 1289 1648 si
1299 1617 1329 1647 in
1341 1616 1461 1647 nullum
1474 1615 1522 1646 hic
1533 1614 1646 1645 malum
1660 1613 1809 1644 inciderit.
1845 1614 1927 1650 Qua÷

1085 1669 1212 1704 propter
1240 1659 1477 1691 existimandum
1508 1666 1553 1689 est
1584 1656 1733 1688 inferioris
1762 1655 1927 1698 provinciae

1085 1704 1232 1747 praesides
1248 1703 1388 1745 vulgares
1409 1701 1599 1733 adinvenisse
1621 1699 1847 1742 prosperitates,
1863 1706 1928 1729 tan—

1086 1759 1179 1789 quam
1204 1747 1364 1778 animabus
1389 1745 1601 1775 insidiaturas:
1628 1743 1732 1785 itaque
1758 1742 1828 1773 hinc
1855 1741 1927 1772 emi-

1085 1790 1247 1833 grantibus
1271 1789 1431 1820 animabus
1460 1787 1642 1818 obliviosum
1672 1785 1849 1827 contingere
1875 1796 1929 1826 po-

1087 1841 1152 1865 tum
1170 1833 1248 1864 alius
1262 1832 1385 1863 dixerit.
1432 1829 1621 1873 Ingredienti
1637 1836 1718 1859 certe
1740 1828 1819 1859 hauc
1834 1827 1928 1858 vitam

1087 1876 1196 1908 animae
1211 1883 1319 1918 potum
1336 1874 1496 1906 oblivionis
1511 1873 1598 1904 affert
1615 1883 1678 1902 sors
1698 1871 1841 1913 quaedam
1857 1870 1928 1901 vitae

1088 1919 1189 1950 suavis
1215 1926 1245 1950 et
1267 1918 1390 1949 blanda.
1436 1918 1516 1947 Haec
1542 1916 1602 1946 ille.
1647 1914 1781 1945 Proinde
1808 1924 1928 1944 necesse

1088 1969 1133 1994 est
1148 1962 1254 1993 ordine
1270 1972 1371 1992 rerum
1388 1960 1430 1991 ita
1445 1966 1585 1990 currente
1597 1958 1750 2001 plerisque
1766 1968 1826 1987 non
1843 1956 1930 1987 aliter

1087 2006 1216 2037 adversa
1244 2004 1430 2045 contingere,
1454 2013 1547 2044 quam
1578 2002 1609 2032 in
1638 2007 1787 2031 concentu
1813 1999 1929 2041 aliquid

1088 2047 1317 2091 quodammodo
1327 2047 1492 2081 dissonare,
1504 2044 1555 2075 sed
1565 2042 1930 2086 quemadmodum,quod

1089 2092 1119 2122 in
1131 2099 1282 2122 concentu
1300 2089 1468 2121 secundum
1488 2095 1607 2129 partem
1626 2087 1781 2117 dissonare
1798 2085 1929 2121 videtur,

1089 2135 1205 2165 interea
1228 2133 1284 2164 toti
1310 2139 1471 2164 consonat:
1497 2131 1537 2161 sic
1567 2130 1690 2172 penitus
1713 2138 1743 2160 et
1768 2129 1799 2159 in
1823 2128 1929 2159 ordine

1090 2177 1208 2214 mundi,
1225 2176 1255 2207 in
1279 2188 1342 2218 quo
1364 2182 1476 2217 praeter
1491 2182 1612 2210 caetera,
1628 2185 1698 2214 quae
1714 2172 1859 2209 diximus,
1876 2171 1929 2201 ad-

1090 2220 1226 2257 versitas,
1250 2219 1312 2249 sive
1337 2219 1368 2248 in
1397 2229 1524 2259 corpore
1547 2216 1609 2246 sive
1631 2215 1662 2246 in
1686 2216 1821 2251 fortuna,
1845 2214 1932 2245 bonis

1092 2263 1217 2305 quidem
1230 2261 1406 2293 exercitatio
1417 2267 1462 2291 est
1477 2267 1570 2302 atque
1582 2259 1749 2301 profectus,
1762 2257 1849 2289 malis
1861 2268 1933 2288 vero

1093 2306 1214 2348 punitio
1228 2312 1321 2347 atque
1336 2303 1481 2347 purgatio
1494 2315 1500 2333 :
1526 2302 1599 2344 quin
1613 2302 1703 2332 etiam
1718 2301 1785 2343 ipsa
1799 2300 1933 2342 pravitas

1091 2356 1217 2380 eatenus
1236 2348 1354 2379 confert
1374 2346 1484 2383 ordini,
1501 2352 1654 2387 quatenus
1677 2356 1737 2375 non
1761 2343 1859 2374 solum
1882 2354 1932 2373 or-

1092 2392 1196 2423 dinate
1220 2391 1360 2434 punitur,
1385 2401 1491 2420 verum
1515 2388 1605 2419 etiam
1625 2387 1755 2430 justitia?
1775 2386 1932 2417 materiam

1093 2435 1221 2477 praebet,
1237 2442 1267 2465 et
1281 2434 1357 2474 iuris
1372 2432 1559 2474 exemplum.
1607 2432 1656 2461 Ac
1672 2430 1746 2461 dum
1762 2429 1847 2472 gravi
1866 2436 1931 2459 tan-

1093 2477 1163 2508 dem
1188 2469 1308 2508 miseria
1332 2476 1494 2519 premitur,
1521 2482 1588 2505 tum
1611 2481 1737 2504 caeteros
1761 2473 1893 2503 deterret
1918 2482 1934 2500 a

1094 2520 1185 2559 vitiis,
1201 2527 1265 2551 tum
1290 2518 1516 2562 comparatione
1539 2517 1683 2553 declarat,
1707 2523 1823 2558 quanta
1845 2514 1882 2544 sit
1905 2513 1934 2542 in

1095 2563 1209 2593 virtute
1233 2563 1371 2593 felicitas.
1418 2563 1493 2592 Post
1518 2561 1583 2591 haec
1611 2559 1819 2590 animadverte
1844 2555 1933 2591 mala,

1094 2617 1150 2636 nec
1173 2605 1266 2636 ullam
1293 2605 1324 2635 in
1347 2604 1488 2647 supernis
1512 2602 1621 2634 mundi
1647 2601 1815 2632 rectoribus
1836 2598 1934 2628 ideam

1095 2648 1218 2685 habere,
1235 2659 1290 2678 nec
1304 2659 1343 2678 ex
1358 2648 1421 2678 ulla
1436 2647 1557 2677 illorum
1578 2645 1745 2675 intentione
1760 2640 1935 2684 procedere,

1097 2690 1148 2721 sed
1165 2702 1203 2721 ex
1218 2690 1393 2733 longissimo
1407 2689 1504 2721 ductu
1519 2689 1671 2719 bonorum
1685 2685 1860 2726 contingere
1873 2690 1937 2714 tan-

1152 2743 1223 2772 3K
