2201 2990
592 122 749 154 VITAM
774 120 1002 152 AUCTORE
1028 120 1318 151 PORPIIYRIO.
1349 132 1379 162 p.
1397 121 1545 152 lvii—lix.

1874 126 1942 157 xcix

195 214 232 244 In
251 211 368 243 Graecis
390 209 474 240 fastis
496 218 654 248 nunquam
673 208 856 244 Σαβινΐλλος
878 204 1032 235 scribitur.
1050 206 1077 233 A
1096 205 1166 235 Vid.
1186 204 1296 235 Pollux
1316 205 1344 234 Ι.
1362 206 1412 245 65.
1438 213 1468 236 et
1493 206 1605 237 Lamb.
1624 208 1705 238 Bosii
1724 210 1848 253 Ellipss.
1867 213 1941 243 Grr.

193 263 253 301 Qui
277 273 346 293 eum
371 260 538 291 sabianum
566 257 703 288 scribunt
730 255 861 286 voluisse
887 255 1033 285 videntur

192 313 401 345 Sabinianum.
439 310 485 340 At
500 308 549 339 hic
565 307 671 338 consul
688 306 747 337 fuit
762 318 842 337 anno
859 307 943 337 UC.
958 314 1031 346 907.

190 377 220 407 p.
240 364 313 395 Chr.
332 374 360 393 n.
377 368 444 402 155.
490 359 559 390 Vid.
579 358 665 389 Petri
682 357 814 388 Relandi
839 357 924 388 Fasti
947 358 1031 387 Con-

190 415 304 446 sulares
315 425 346 455 p.
360 421 409 451 24.
421 418 452 442 et
463 409 632 453 praesertim
646 421 676 452 p.
691 418 762 450 233.
775 416 805 439 et
818 408 1031 439 Almeloveeni

189 466 325 496 Fastorr.
344 461 524 494 Consularr.
543 461 611 492 libri
627 460 690 491 duo
705 472 734 502 p.
750 469 818 501 152.
858 459 922 490 Ἦν
937 461 968 491 δὲ
985 460 1031 490 καὶ

186 514 375 555 Ῥογατιανὸς
391 520 410 529 '‘
425 512 590 555 Rogatiani
612 511 706 553 hujus
730 511 866 541 meminit
885 511 1029 553 Porphy-

186 566 250 597 rius
263 566 291 596 Ι.
307 565 346 595 de
358 563 556 595 Abstinentia
571 563 610 593 ab
626 574 680 593 esu
696 562 898 592 animantium
916 573 945 604 p.
960 563 1028 593 106.
1048 567 1072 595 Β

188 617 252 658 [ed.
269 615 466 658 Fogeroll.]”
484 615 612 645 Fabric.
659 613 732 644 Lib.
752 614 780 645 I.
795 623 849 654 53.
867 625 897 655 p.
913 623 964 653 90.
980 613 1030 644 ed.

185 667 295 699 Rhoer.
346 667 522 698 Praedicans
552 665 594 696 ibi
623 665 826 708 philosophus
856 664 1031 707 tranquillae

184 719 277 751 animi
303 717 529 749 constitutionis
554 724 586 748 et
610 716 876 759 contemplationis
902 716 962 746 vim
991 716 1030 747 ad

183 782 295 813 corpus
321 769 525 812 pertinentem
553 768 677 811 pergit:
712 769 749 801 ὡς
775 769 861 809 πείρᾳ
888 768 1030 806 διέδειξαν

183 822 262 861 ἡμῶν
278 822 396 861 ἑταῖροι.
421 821 467 851 καὶ
482 822 611 860 ἆρθρῖτιν
628 821 719 851 νόσον
735 820 804 859 περί
817 832 849 851 τε
871 821 962 852 πόδας
983 819 1030 850 καὶ

182 876 283 914 χεῖρας
297 873 442 911 τοσαύτην
455 873 558 907 οὖσαν,
572 872 609 904 ὡς
620 872 699 902 ὅλων
712 872 785 901 ὀκτὼ
799 872 871 901 ἐτῶν
884 870 1029 911 φέρεσθαι

182 923 429 963 βασταζομένους,
457 924 638 963 ἀποκροῦσαι
664 922 723 961 ἅμα
749 925 782 961 τῇ
807 922 945 953 ἐκστάσει
971 925 1028 953 τῶν
1047 929 1070 957 C

181 975 347 1016 χρημάτων,
371 975 417 1006 καὶ
439 975 511 1014 πρὸς
533 974 566 1005 τὸ
591 977 666 1005 θεῶν
689 974 872 1013 ἀποβλέψει.
899 973 1027 1004 συναπέ-

182 1029 267 1057 θεντο
283 1028 355 1066 γοῦν
371 1026 430 1064 ἅμα
445 1028 505 1058 τοῖς
520 1025 651 1066 χρήμασι
675 1025 721 1056 καὶ
743 1028 806 1057 ταῖς
821 1026 959 1065 φροντίσι
983 1025 1029 1055 καὶ

181 1077 233 1116 τὴν
249 1078 340 1108 νόσον
355 1079 406 1108 τοῦ
425 1077 568 1115 σώματος.
593 1076 645 1107 ubi
663 1076 773 1107 Rhoer.
800 1084 830 1107 ct
853 1077 948 1107 nostri
971 1075 1028 1107 loci

181 1136 212 1159 et
238 1128 368 1159 aliorum
395 1128 566 1159 admonuit.
615 1129 772 1159 Caeterum
800 1127 831 1158 hi
857 1139 963 1158 omnes
989 1128 1029 1158 ab

182 1180 372 1210 Heumanno
392 1180 422 1210 in
441 1179 672 1210 Platonicorum
696 1190 822 1210 censum
846 1178 933 1210 relati
957 1187 1029 1210 sunt

180 1231 210 1261 in
228 1231 321 1262 Fabr.
340 1232 375 1262 B.
395 1232 452 1262 Gr.
479 1232 532 1262 Cr.

1096 267 1125 296 p.
1143 265 1212 294 174.
1228 256 1353 291 Seha'f„
1368 256 1421 286 ubi
1440 256 1638 298 Schoettgen.
1655 270 1683 300 p.
1702 262 1770 299 178.
1786 261 1864 293 hanc
1882 264 1941 294 Fa-

1095 306 1180 336 bricii
1201 313 1305 337 notam
1329 306 1481 337 adhibuit.
1529 308 1580 338 Cf.
1597 315 1698 339 tamen
1715 311 1805 342 etiam
1824 314 1939 345 Matth.

1095 358 1151 388 Gr.
1163 369 1211 399 gr.
1229 358 1256 397 ξ.
1272 358 1346 398 588.
1358 370 1382 388 c.
1401 369 1431 400 p.
1445 367 1538 400 1173.
1553 358 1600 389 ed.
1612 358 1665 390 alt.
1681 366 1713 391 et
1728 361 1767 391 ab
1782 374 1819 392 eo
1835 363 1940 397 landd.

1095 410 1151 440 Cr.

1129 471 1160 502 p.
1172 459 1225 489 lix.
1234 459 1254 489 s.
1273 460 1414 501 εὐμαρῶς]
1430 459 1482 490 i.e.
1492 460 1591 498 facile,
1602 461 1756 503 expedite.
1768 464 1939 498 Herodian.

1094 511 1180 541 Hist.
1199 511 1267 541 III.
1285 521 1315 552 3.
1333 521 1382 552 13.
1398 511 1542 553 adjungit
1566 513 1730 546 ἀκωλύτως.
1774 514 1863 546 Idem
1887 529 1940 548 sae-

1092 562 1162 605 pius
1187 570 1324 604 usurpat.
1364 563 1435 594 Vid.
1456 563 1598 594 Irmisch.
1617 563 1646 594 in
1666 564 1736 595 Ind.
1761 577 1817 596 nec
1839 567 1941 599 minus

1094 615 1263 652 Lucianus,
1275 626 1304 645 v.
1316 626 1340 645 c.
1352 614 1381 645 in
1394 615 1554 646 Prometh.
1567 627 1634 657 cap.
1645 617 1675 646 6.
1688 617 1715 647 I.
1727 628 1757 659 p.
1769 618 1940 658 35J'Vetst.

1093 665 1280 696 Hermotim.
1296 668 1322 706 ᾧ.
1336 674 1388 706 47.
1404 666 1432 696 Ι.
1445 678 1474 708 p.
1489 667 1562 707 789.
1575 674 1604 698 et
1616 667 1697 698 alibi.
1723 669 1835 700 Paullo
1848 681 1942 712 supra

1092 717 1122 747 in
1147 719 1357 757 ἀφροντιστίας
1382 729 1560 759 germanam
1589 718 1720 749 formam
1747 720 1941 753 retinuerunt

1092 768 1161 799 libri
1178 769 1274 799 nostri
1289 780 1405 805 omnes,
1421 768 1460 799 de
1475 780 1539 811 qua
1553 769 1617 801 vid.
1630 770 1761 802 Stoeber.
1778 771 1817 802 ad
1826 772 1939 804 Thom.

1093 820 1239 862 Magistr.
1257 820 1287 850 in
1304 821 1413 860 ἀλογία
1428 832 1458 862 p.
1472 821 1523 862 38.
1542 820 1595 851 ubi
1612 828 1703 852 antea
1725 822 1873 865 scriptum
1894 824 1942 855 su-

1092 879 1157 902 erat
1174 873 1362 911 ἀφροντισία.
1409 871 1548 914 Hesych.
1568 873 1597 903 I.
1622 884 1653 915 p.
1672 874 1743 914 651.
1763 873 1885 906 Albert.
1910 877 1941 907 ἆ-

1092 925 1291 963 φροντιστιάς·
1315 924 1463 962 ἀμελείας,
1484 930 1514 954 et
1536 923 1661 955 consule
1684 925 1854 967 praesertim
1879 927 1941 958 Lo-

1092 975 1181 1005 beek.
1197 975 1236 1005 ad
1253 974 1425 1017 Phrynich.
1443 974 1575 1017 Eclogg.
1592 987 1623 1018 p.
1637 984 1709 1017 509.
1727 988 1773 1018 sq.
1799 978 1852 1008 Cr.

1121 1025 1241 1068 p.lix.g.
1254 1025 1635 1066 ΣεραπίωνἈλεξανδρεὺς,
1646 1027 1810 1070 ῥητορικὸς]
1824 1027 1941 1059 “Alius

1091 1084 1121 1108 et
1144 1077 1300 1119 antiquior
1318 1077 1379 1107 fuit
1404 1077 1552 1119 Serapion
1570 1077 1691 1108 Rhetor
1706 1078 1941 1110 Alexandrinus

1092 1129 1256 1159 Hadriano
1282 1128 1453 1170 imperante
1479 1128 1591 1165 clarus,
1615 1129 1654 1160 de
1677 1141 1741 1171 quo
1770 1130 1882 1161 Suidas
1908 1131 1939 1162 in

1091 1179 1282 1220 Σαραπίων.”
1300 1180 1427 1211 Fahric.
1476 1179 1565 1210 Idem
1584 1180 1696 1211 Suidas
1718 1181 1833 1212 ibidem
1851 1183 1938 1222 (III.

1091 1243 1122 1273 p.
1140 1233 1226 1270 284.)
1245 1230 1338 1261 alium
1358 1230 1556 1273 Serapionem
1578 1231 1798 1274 philosophum
1823 1244 1939 1264 memo-

207 1282 346 1324 p.lviii.⁰.
360 1282 391 1315 ὃς
402 1284 441 1315 εἰς
451 1282 855 1323 τοσοῦτον-προκεχωρήκει]
868 1282 953 1313 Licet
964 1282 1028 1313 duo
1047 1293 1073 1320 D
1093 1289 1138 1313 rat
1155 1282 1267 1313 Isidori
1283 1281 1415 1312 amicum
1433 1288 1463 1312 et
1484 1282 1624 1324 pecuniae
1645 1282 1786 1325 lucrique
1806 1291 1941 1316 contem-

179 1333 248 1364 libri
265 1333 498 1374 προυκεχωρήκει
512 1333 653 1371 offerant,
670 1334 817 1364 intactam
836 1341 937 1364 tamen
957 1333 1027 1364 reli-

179 1385 234 1427 qui
252 1384 407 1427 vulgatam
424 1384 600 1415 admonitus
616 1385 828 1427 exemplorum
845 1384 942 1427 copia‚
956 1396 1028 1427 quae

180 1437 399 1468 Boissonadius
421 1436 459 1467 ad
478 1437 605 1478 Eunap.
621 1447 652 1478 p.
663 1446 737 1477 304.
756 1436 794 1467 ad
813 1437 896 1467 verb.
915 1437 1025 1468 ἀπολέ-

170 1492 279 1524 Auum,
293 1488 350 1518 loci
366 1487 460 1518 nostri
473 1499 533 1518 non
549 1487 720 1525 immemor,
733 1488 895 1530 congessit.
920 1488 1026 1519 Etiam

179 1539 343 1571 Jacobsius
367 1539 397 1570 in
421 1539 545 1570 Achille
567 1539 661 1570 Tatio
678 1538 714 1569 V.
731 1549 761 1580 3.
787 1551 804 1570 e
827 1539 916 1570 bonis
941 1539 1026 1570 libris

178 1591 320 1633 pluribus
335 1590 421 1621 dedit
435 1591 591 1630 μεμηνύκει
606 1602 664 1632 pro
678 1590 836 1629 μεμήνυκε.
873 1590 940 1621 Vid.
958 1591 1025 1633 ejus

177 1643 411 1674 Animadverss.
435 1654 466 1685 p.
483 1644 557 1683 760.

176 1694 248 1725 lonii
267 1695 293 1725 I.
311 1704 359 1735 13.
375 1706 406 1736 p.
420 1705 468 1734 14.
515 1694 624 1725 Codex
647 1701 749 1725 tamen
768 1695 951 1726 Sehellersh.
975 1696 1022 1726 of-

176 1746 236 1776 fert
262 1746 420 1788 vulgatam
449 1747 592 1786 ἐγεγόνει,
620 1745 674 1776 ubi
700 1745 778 1776 alius
809 1746 886 1777 liber
912 1747 1024 1778 omisso

177 1796 478 1839 Plusquamperfecti
490 1805 658 1839 augmento
670 1797 795 1828 exhibet
808 1800 934 1838 γεγόνει.
955 1800 1008 1830 Cr.

219 1859 250 1890 p.
261 1848 334 1879 lviii.
345 1848 369 1878 d.
385 1848 528 1889 πραίτωρ]
548 1848 660 1879 Trium
677 1848 777 1880 Codd.
793 1849 907 1880 librarii
919 1861 976 1892 pro
988 1862 1024 1881 eo

176 1907 346 1941 posuerunt
362 1899 490 1941 vulgare
514 1910 636 1937 nomen,
652 1911 715 1941 quo
732 1900 835 1931 Graeei
853 1901 1022 1932 Praetorem

178 1951 355 1981 Romanum
372 1950 547 1992 designant,
563 1950 617 1992 qui
638 1951 674 1981 iis
695 1963 777 1982 nunc
801 1953 963 1992 στρατηγὸς
978 1953 1023 1983 di-

176 2001 266 2039 citur,
284 2013 365 2032 nunc
383 2002 558 2040 ἑξαπέλεκυς
573 2003 700 2042 ἡγεμὼν,
719 2014 801 2034 nunc
817 2003 900 2034 nude
915 2004 1019 2042 ἑξαπέ-
1043 2011 1066 2038 F

176 2056 270 2084 λεκυς.
319 2052 490 2095 Schweigh.
516 2053 595 2084 Lex.
621 2053 733 2095 Polyb.
757 2065 788 2096 p.
809 2063 879 2094 224.
903 2055 944 2085 cf.
969 2056 1019 2086 JO.

178 2104 274 2134 Laur.
292 2103 375 2146 Lyd.
392 2104 431 2134 de
448 2104 638 2146 Magistratt.
657 2105 783 2135 Romm.
803 2106 829 2136 I.
846 2115 899 2146 30.
915 2116 967 2147 31.
991 2114 1021 2137 et

177 2164 228 2196 45.
276 2155 354 2184 Mox
371 2155 448 2186 Cod.
468 2155 564 2186 Paris.
583 2165 676 2196 2290.
694 2159 828 2195 συνηθῶν
843 2165 950 2188 contra
972 2169 1018 2188 re-

176 2205 282 2247 gulam
299 2206 432 2237 Thomae
448 2206 593 2248 Magistri
616 2219 648 2249 p.
668 2208 738 2238 860.
787 2207 933 2238 Similiter
950 2220 1019 2250 pec-

177 2265 280 2288 catum
297 2256 327 2287 in
345 2257 474 2299 Dionys.
492 2257 651 2288 Haliearn.
670 2260 744 2290 Art.
762 2259 892 2290 Rhetor.
909 2260 976 2290 IX.
993 2270 1017 2290 1.

177 2308 230 2339 ubi
254 2319 337 2339 nunc
357 2308 460 2345 etiam,
477 2308 546 2340 licet
563 2309 709 2341 Hudson.
727 2309 775 2341 vel
791 2310 898 2341 Reisk.
915 2310 1021 2341 admo-

178 2360 327 2396 nuissent,
344 2359 373 2389 in
390 2358 464 2389 edit.
482 2360 527 2390 H.
541 2361 583 2390 A.
599 2360 716 2392 Schotti
741 2372 769 2402 p.
790 2363 860 2402 196.
885 2361 1015 2403 legitur:
1038 2367 1064 2395 G
1082 2361 1129 2392 ed.
1148 2361 1340 2400 Boissonad.)

177 2412 223 2442 καὶ
244 2411 277 2449 δὴ
299 2410 356 2441 ἀπὸ
377 2413 434 2440 τῶν
450 2412 622 2451 συντρόφων
639 2413 686 2443 καὶ
701 2415 835 2452 συνηθῶν
851 2414 1018 2454 ἀρχώμεθα.

176 2463 233 2493 Cr.

220 2526 250 2556 p.
264 2513 335 2543 lviii.
347 2520 370 2543 e,
392 2514 537 2542 σιτεῖσθαι
553 2513 584 2543 δὲ
599 2514 678 2551 παρὰ
691 2515 773 2554 μίαν]
802 2519 822 2533 “
835 2516 906 2546 Hoc
917 2524 962 2547 est
974 2516 1019 2547 al-

176 2573 242 2596 tero
255 2563 394 2606 quolibet
410 2563 468 2593 die.
504 2562 574 2593 Vid.
594 2562 724 2593 Palladii
741 2565 880 2596 Lausiac.
899 2578 929 2608 p.
948 2577 1016 2608 149.

177 2618 207 2647 S.
225 2615 289 2647 Nili
307 2614 494 2645 narrationes
512 2614 581 2644 III.
598 2625 626 2655 p.
640 2614 710 2654 34⁹³
726 2615 854 2646 Fabric.
892 2617 1019 2648 Ficinus

176 2667 283 2699 vertit:
310 2667 501 2708 “cibumque
522 2667 556 2696 in
577 2665 642 2696 dics
662 2666 789 2696 unicum
810 2669 1018 2700 assumebe'

605 1643 643 1673 In
669 1643 849 1674 Philostrati
868 1644 903 1674 V.
925 1644 1023 1686 Apol-
1043 1655 1067 1682 Ε

1091 1340 1200 1364 torem.
1248 1332 1344 1363 Illum
1360 1345 1398 1363 ex
1414 1333 1472 1364 hoc
1493 1333 1560 1364 loeo
1580 1333 1611 1364 in
1628 1334 1860 1366 Platonicorum
1883 1348 1940 1367 nu-

1090 1395 1207 1415 merum
1235 1384 1351 1426 recepit
1379 1384 1541 1415 Fabricius
1570 1386 1606 1415 B.
1630 1386 1688 1416 Gr.
1720 1386 1777 1418 IV.
1807 1398 1840 1429 p.
1867 1388 1937 1419 186.

1090 1435 1211 1466 Harles.
1237 1435 1290 1466 ubi
1314 1443 1416 1466 tamen
1441 1447 1501 1466 non
1525 1436 1701 1468 laudandus
1723 1446 1789 1469 erat
1813 1439 1936 1479 Suidas,

1088 1494 1196 1529 utpote
1212 1487 1266 1529 qui
1283 1487 1321 1517 de
1337 1487 1394 1518 hoc
1411 1488 1577 1530 Serapione
1594 1488 1669 1519 nihil
1687 1489 1802 1531 prodit.
1839 1492 1936 1522 Mox:

1087 1539 1189 1578 λόγοις
1200 1539 1248 1569 De
1260 1540 1360 1578 λόγος,
1375 1539 1519 1570 (loeti-ina
1532 1540 1748 1583 philosophice,
1763 1541 1936 1586 vid.Wytt.

1086 1589 1125 1620 ad
1143 1589 1301 1620 Plutarch.
1320 1602 1352 1632 p.
1366 1599 1439 1632 552.
1457 1602 1503 1632 sq.
1530 1592 1585 1622 Cr.

1130 1652 1160 1682 p.
1179 1640 1230 1671 lix.
1249 1641 1276 1671 h·
1297 1640 1395 1682 ’Έσχε
1422 1643 1453 1672 δὲ
1481 1643 1526 1672 καὶ
1550 1644 1601 1682 ἐμὲ
1625 1645 1807 1684 Πορφύριον,
1827 1646 1936 1685 Τύριον

1086 1694 1334 1736 ὅντα-ἑταῖρον]
1361 1694 1524 1736 Eunapius
1538 1695 1569 1725 in
1588 1696 1763 1737 Porphyrio
1783 1709 1814 1739 p.
1833 1707 1861 1737 7.
1885 1698 1934 1728 ed.

1087 1745 1242 1775 Boisson.:
1270 1748 1430 1787 Πορφυρίῳ
1446 1747 1541 1786 Τύρος
1561 1748 1616 1785 μὲν
1631 1747 1668 1785 ἦν
1683 1748 1785 1787 πατρὶς
1805 1749 1822 1786 ἡ
1836 1750 1933 1788 πρώτη

1085 1798 1187 1826 -τῶν
1208 1797 1339 1837 ἀρχαίων
1356 1797 1502 1828 Φοινίκων
1519 1796 1566 1840 [ἡ]
1584 1799 1680 1830 πόλις.
1726 1798 1847 1829 Eadem
1871 1800 1935 1831 fere

1085 1847 1228 1878 Eudoeia
1243 1859 1272 1890 p.
1286 1849 1360 1889 364.
1376 1854 1406 1879 et
1425 1848 1535 1879 Suidas
1554 1849 1584 1879 in
1603 1850 1782 1889 Πορφύριος.
1827 1851 1933 1882 Etiam

1087 1899 1256 1929 Theodoro
1274 1899 1456 1930 Metochitae
1479 1907 1525 1930 est
1549 1900 1683 1932 Phoenix
1707 1908 1737 1931 et
1761 1901 1881 1944 Tyrius
1904 1915 1932 1944 p.

1088 1950 1158 1982 128.
1183 1950 1232 1981 ed.
1251 1950 1347 1981 Miill.
1369 1959 1399 1981 et
1421 1950 1533 1981 Kiessl.
1581 1953 1699 1982 Contra
1714 1953 1835 1994 Syrum
1859 1953 1933 1985 dicit

1085 2002 1296 2044 Porphyrium
1320 2002 1578 2044 Abulpharagius
1601 2003 1631 2033 in
1657 2003 1778 2035 Histor.
1797 2005 1929 2047 Dynast.

1084 2065 1116 2095 p.
1136 2055 1187 2091 84,
1215 2053 1300 2095 quod
1325 2053 1377 2084 vix
1401 2054 1593 2084 commodius
1621 2065 1691 2085 eum
1721 2055 1931 2097 superioribus

1082 2104 1235 2135 conciliari
1259 2105 1365 2147 possit,
1382 2116 1475 2146 quam
1497 2117 1555 2147 ope
1573 2106 1743 2144 Strabonis,
1761 2107 1816 2148 qui
1834 2108 1929 2138 XVI.

1084 2165 1110 2187 2.
1129 2168 1158 2198 p.
1172 2166 1246 2197 300.
1262 2156 1372 2186 Tzsch.
1389 2156 1509 2198 prodit:
1536 2158 1700 2188 nonnullos
1723 2158 1844 2200 Syriam
1867 2159 1929 2190 dis-

1082 2207 1225 2238 tribuisse
1248 2207 1278 2237 in
1302 2207 1492 2238 Phoeniciam
1514 2215 1544 2238 et
1562 2208 1775 2251 Coelesyriam.
1820 2211 1864 2241 Et
1882 2212 1931 2250 (ut

1081 2259 1251 2290 Bal-onium
1275 2258 1426 2297 omittam,
1442 2259 1496 2301 qui
1512 2259 1660 2290 Judaeum
1685 2261 1758 2291 facit
1782 2262 1928 2304 Porphy-

1081 2310 1174 2347 rium,
1189 2310 1228 2341 de
1243 2322 1306 2352 quo
1322 2310 1384 2341 vid.
1403 2311 1482 2341 Luc.
1500 2311 1645 2342 Holsten.
1663 2312 1780 2354 Epistt.
1805 2324 1837 2355 p.
1853 2316 1926 2355 463.

1388 2361 1528 2399 Jonsius‚
1547 2362 1695 2393 Brucker.
1721 2369 1751 2393 et
1767 2364 1928 2395 Fabricius

1082 2413 1163 2444 Bibl.
1179 2414 1237 2444 Gr.
1251 2413 1319 2444 Vol.
1329 2414 1366 2444 V.
1383 2424 1412 2455 p.
1426 2421 1499 2454 725.
1510 2425 1556 2455 sq.
1570 2414 1617 2444 ed.
1630 2413 1755 2445 Harles.
1784 2416 1926 2458 Porphy-

1081 2464 1127 2495 rio
1144 2465 1312 2495 Bataneam
1329 2471 1412 2495 trans
1425 2464 1595 2495 Jordanem
1613 2465 1770 2507 assignant
1786 2467 1926 2508 patriam,

1081 2515 1224 2546 maluisse
1239 2527 1310 2546 eum
1326 2522 1428 2546 tamen
1446 2516 1579 2558 Tyrium
1604 2516 1643 2546 ab
1666 2517 1742 2547 urbe
1765 2518 1923 2555 nobiliore,

1082 2567 1135 2598 ubi
1151 2567 1279 2597 fortasse
1295 2566 1444 2597 educatus
1461 2567 1510 2605 sit,
1527 2567 1684 2609 appellari.

1081 2618 1145 2649 sine
1171 2626 1311 2649 veterum
1339 2618 1519 2649 testimoniis
1546 2625 1691 2654 statuere,
1719 2629 1782 2659 quo
1807 2619 1923 2660 reliqua

1080 2668 1243 2700 concilient
1258 2680 1328 2699 cum
1345 2668 1417 2700 locis
1429 2668 1615 2711 Hieronymi
1629 2668 1755 2699 Praefat.
1773 2668 1802 2699 in
1820 2670 1919 2712 Epist.

1136 2724 1202 2755 112

1733 2568 1793 2598 Sed
1811 2568 1867 2598 hoc
1884 2569 1924 2599 illi
