2201 2990
432 356 824 414 MARSILII
873 355 1136 412 FICINI
1188 356 1712 414 FLORENTINI

307 586 615 627 LIBRUM
686 586 1010 628 PRIMUM

1054 487 1090 509 IN

1084 586 1493 627 ENNEADIS
1567 587 1841 632 PRIMAE,

762 715 1376 766 COMMENTARIUS.

721 1001 925 1035 SUMMA
978 1001 1190 1035 TOTIUS
1242 1001 1416 1036 LIBRI.

199 1109 349 1148 Anima
370 1109 579 1149 rationalis
599 1109 734 1149 media
750 1117 811 1149 est
827 1110 935 1149 inter
950 1110 1099 1149 formas
1114 1110 1273 1149 divinas
1294 1116 1418 1163 atque
1439 1109 1656 1156 naturales,
1672 1124 1807 1163 neque
1828 1110 1934 1151 inest

253 1173 422 1226 corpori,
443 1174 514 1213 sed
539 1174 664 1220 adest,
686 1181 727 1213 et
748 1174 873 1212 vitam
900 1188 950 1213 ex
978 1188 1018 1213 se
1048 1180 1257 1227 propagat,
1277 1188 1370 1227 quae
1396 1174 1504 1213 inest
1528 1174 1696 1227 corpori,
1718 1189 1767 1214 ex
1789 1188 1870 1227 qua
1891 1183 1933 1214 et

252 1251 418 1290 corpore
439 1237 487 1276 fit
507 1237 658 1277 animal
680 1253 809 1277 unum
831 1238 1116 1291 compositum.

193 1327 593 1381 PEROPPORTUNE
614 1351 733 1393 primus
754 1350 803 1381 hic
825 1351 963 1381 omnium
985 1362 1039 1381 no-

194 1392 241 1423 bis
261 1393 393 1424 occurrit
414 1393 502 1431 liber,
520 1394 549 1424 in
567 1406 630 1436 quo
646 1406 701 1424 nos
716 1394 798 1436 ipsos
815 1394 899 1424 velut
920 1394 949 1424 111
974 1405 1041 1436 spe-

193 1435 263 1466 culo
278 1437 532 1478 contemplemur,
550 1449 588 1467 ne
610 1445 756 1479 tanquam
779 1437 906 1467 nimium
928 1437 1039 1468 curiosi

193 1478 291 1509 aliena
317 1479 403 1520 prius
426 1491 519 1521 quam
547 1488 651 1511 nostra
675 1492 858 1522 quaeramus.
907 1481 1038 1512 Docebit

193 1522 272 1552 enim
294 1533 360 1559 nos,
377 1523 408 1553 id
424 1532 469 1553 est
490 1523 644 1554 hominem
662 1534 779 1560 verum,
796 1531 890 1565 atque
911 1523 969 1554 hoc
990 1523 1036 1566 ip-

193 1576 271 1602 sum,
288 1565 373 1607 quod
390 1566 448 1608 ipsi
464 1566 587 1608 proprie
608 1578 725 1604 sumus,
741 1578 801 1597 non
818 1578 882 1597 esse
903 1578 1035 1609 corpus:

192 1608 266 1650 quia
288 1608 345 1639 hoc
368 1609 484 1639 utimur
501 1617 536 1640 ut
553 1609 768 1646 instrumente,
785 1621 844 1640 11011
862 1622 926 1640 0550
943 1610 1034 1641 ν110111

190 1651 316 1682 0111111110
336 1652 456 1694 corpori
476 1653 632 1695 propriam
655 1661 685 1683 et
707 1653 873 1690 addictam,
890 1654 1036 1695 quoniam

191 1693 256 1725 haec
281 1694 369 1725 nobis
395 1707 465 1726 cum
492 1695 591 1727 brutis
618 1703 663 1727 est
687 1697 877 1727 communis:
910 1704 940 1727 et
964 1697 1038 1739 quia

190 1748 271 1779 saepe
294 1738 366 1769 huic
389 1738 456 1780 ipsa
478 1739 566 1777 ratio,
584 1751 639 1781 per
654 1751 747 1781 quam
768 1739 824 1781 ipsi
845 1751 963 1778 sumus,
980 1741 1035 1771 ad-

190 1788 329 1811 versatur
352 1788 382 1812 et
404 1782 546 1824 imperat,
563 1794 623 1813 non
647 1794 711 1813 esse
733 1782 883 1824 quiddam
907 1795 944 1813 ex
968 1795 1034 1814 cor-

189 1834 263 1864 pore
287 1832 317 1854 et
343 1825 468 1867 propria
494 1826 561 1867 ejus
588 1826 652 1856 vita
677 1826 894 1868 compositum,
921 1827 1033 1857 eisdem

189 1867 313 1897 omnino
329 1868 367 1898 de
385 1868 495 1907 causis,
510 1881 587 1910 quas
609 1869 659 1899 hic
681 1869 914 1911 assignavimus
963 1871 1034 1901 Hoc

189 1909 268 1940 enim
284 1922 348 1941 esse
363 1911 473 1942 animal
490 1923 550 1942 11011
568 1912 702 1954 denique
717 1924 754 1942 ex
772 1913 873 1944 anima
894 1912 1034 1944 rationali

188 1960 218 1982 et
245 1953 365 1984 vivente
390 1954 558 1985 irrationali
584 1956 795 1998 conjunctum,
821 1956 966 1998 quoniam
994 1969 1032 1988 ex

188 1994 389 2027 indissolubili
405 2005 435 2028 et
450 1997 621 2029 dissolubili
636 2010 734 2029 unum
749 2000 857 2030 confici
881 2008 1029 2041 nequeat:

190 2038 241 2068 sed
266 2038 419 2070 hominem
444 2053 507 2071 esse
531 2041 675 2079 animam,
698 2042 728 2072 id
753 2050 808 2079 est,
828 2042 1030 2073 substantiam

189 2080 396 2123 incorpoream
418 2084 608 2123 rationalem,
623 2097 660 2115 ex
677 2085 782 2115 divino
798 2085 922 2127 quidem
944 2086 1031 2117 intel-

189 2122 269 2154 lectu
285 2125 476 2165 existentem,
490 2127 519 2157 111
537 2139 567 2158 50
584 2140 655 2158 vero
670 2128 896 2167 consistentem,
909 2130 1028 2171 corpori

187 2174 289 2197 autem
314 2179 374 2198 non
398 2168 609 2207 inhaerentem,
626 2171 678 2202 sed
703 2172 804 2213 potius
826 2171 1028 2210 assistentem,

187 2217 281 2251 atque
303 2211 370 2252 ipsa
392 2211 438 2242 sui
461 2214 622 2253 praesentia
637 2214 730 2245 vitam
755 2215 834 2245 hanc
856 2215 884 2245 in
902 2227 1029 2257 corpore

186 2252 417 2293 producentem,
430 2266 466 2285 01(
480 2267 542 2297 qua
557 2264 587 2287 et
602 2269 728 2299 corpore
745 2258 948 2300 compositum
966 2259 1029 2289 ani-

186 2295 247 2326 mal
270 2296 451 2338 appellatur.
497 2299 643 2330 Animam
660 2312 732 2331 vero
753 2309 885 2331 nostram
908 2303 1027 2344 corpori

184 2338 311 2379 quidem
327 2340 444 2377 adesse,
459 2340 511 2371 sed
528 2353 587 2372 non
604 2342 710 2382 inesse,
722 2344 763 2374 sic
779 2344 912 2375 breviter
927 2352 1027 2375 osten-

184 2381 302 2412 demus.
349 2383 427 2413 Tria
449 2383 616 2415 formarum
638 2397 750 2426 genera
776 2394 856 2418 sunt.
905 2388 1026 2419 Infimae

183 2424 308 2465 quidem
325 2425 432 2456 formae
454 2434 525 2457 sunt
544 2428 706 2466 naturales,
724 2441 875 2471 supremae
891 2442 963 2461 vero
978 2431 1024 2462 di-

183 2468 273 2505 vinae,
299 2469 409 2499 niediae
431 2477 486 2499 aut
510 2469 672 2501 rationales
693 2472 813 2503 animae.
861 2473 1026 2505 Naturales

183 2510 301 2549 formae,
326 2520 360 2542 ut
388 2511 619 2550 elementorum,
646 2521 739 2555 atque
769 2515 948 2553 mixtorum,
976 2517 1024 2547 di-

183 2561 297 2584 cuntur
308 2562 338 2585 et
353 2554 457 2585 adesse
471 2555 618 2592 materiae,
631 2564 782 2597 quantum
794 2569 861 2588 00111
876 2558 1024 2597 afficiunt,

183 2604 213 2626 et
236 2597 267 2627 in
290 2609 356 2628 eam
381 2597 518 2628 nonnihil
541 2598 693 2629 efficiunt:
718 2599 864 2630 dicuntur
879 2609 909 2631 et
928 2601 1024 2633 inesse

183 2640 328 2677 materiae,
345 2648 497 2683 quantum
515 2653 575 2672 una
591 2653 661 2671 011111
677 2641 742 2684 ipsa
758 2642 864 2673 formae
887 2643 1024 2676 similiter

182 2682 353 2723 patiuntur.
392 2684 452 2715 Sed
468 2684 575 2715 forma:
591 2684 714 2722 divinae,
731 2684 761 2715 id
778 2692 823 2716 est
838 2685 961 2717 divinus
976 2688 1021 2718 in-

231 2736 322 2762 VOL.
344 2738 368 2762 l.

1176 1238 1416 1291 Capitulum
1438 1238 1541 1291 prim
1548 1252 1628 1277 um.

1086 1349 1226 1380 tellectus
1248 1350 1356 1381 mundi
1380 1350 1503 1388 artifex,
1529 1363 1696 1394 rerumque
1718 1352 1806 1390 ideae,
1831 1353 1861 1383 id
1887 1362 1931 1385 est

1084 1393 1176 1435 primi
1199 1392 1312 1425 divinae
1338 1394 1548 1435 intelligentiae
1571 1402 1668 1431 actus,
1692 1404 1722 1426 et
1745 1396 1932 1437 exemplaria

1083 1447 1199 1474 rerum,
1216 1448 1315 1478 neque
1338 1438 1475 1468 materiae
1490 1437 1612 1468 insunt:
1637 1438 1771 1480 alioquin
1796 1451 1834 1470 ne
1856 1440 1930 1483 fingi

1083 1480 1210 1521 quidem
1234 1487 1336 1522 posset
1354 1480 1519 1522 quicquam
1544 1493 1561 1512 a
1584 1481 1711 1512 materia
1734 1491 1926 1524 separatum:

1083 1534 1189 1553 rursus
1204 1534 1305 1565 neque
1321 1524 1456 1554 materiae
1478 1524 1602 1555 adsunt.
1649 1525 1720 1555 Non
1737 1525 1806 1556 dico
1822 1527 1929 1568 procul

1082 1578 1146 1597 esse
1161 1579 1179 1597 a
1194 1567 1322 1597 materia
1337 1567 1506 1598 secundum
1527 1567 1639 1605 locum,
1656 1579 1727 1598 nam
1750 1569 1855 1609 procul
1872 1569 1929 1600 du-

1082 1609 1132 1640 bio
1148 1617 1220 1640 sunt
1238 1610 1370 1652 ubique:
1396 1610 1448 1641 sed
1473 1622 1532 1641 11011
1556 1611 1662 1641 adesse
1685 1612 1855 1642 secundum
1880 1613 1926 1643 ul-

1081 1652 1140 1683 lam
1165 1660 1284 1684 naturae
1310 1654 1535 1695 cognationem,
1559 1654 1766 1696 affectumque
1793 1655 1926 1697 aliquem

1080 1696 1120 1726 ad
1147 1695 1317 1728 materiam.
1363 1697 1440 1734 Quis
1466 1697 1545 1727 enim
1573 1696 1761 1728 intellectum
1786 1698 1925 1730 divinum

1080 1750 1140 1770 non
1166 1739 1391 1770 animadvertat
1416 1740 1456 1771 ab
1478 1740 1561 1770 omni
1585 1741 1720 1771 1110101110
1745 1742 1927 1773 commercio

1080 1794 1144 1813 esse
1169 1785 1343 1813 secretum?
1366 1783 1493 1825 quando
1519 1791 1549 1814 et
1574 1783 1747 1814 intellectus
1771 1785 1926 1816 humanus

1080 1837 1139 1856 non
1156 1826 1243 1857 aliter
1258 1826 1407 1857 actionem
1424 1826 1633 1869 intelligentia*
1649 1827 1816 1869 propriam,
1831 1840 1923 1870 quam

1079 1880 1110 1899 se
1134 1869 1234 1911 ipsum
1258 1881 1277 1900 a
1299 1869 1426 1900 materia
1449 1870 1640 1912 segregando
1663 1870 1808 1912 expedire
1831 1872 1925 1913 possit

1077 1919 1172 1954 atque
1194 1913 1350 1954 perficere.
1397 1914 1484 1944 Inter
1502 1913 1617 1944 formas
1640 1913 1735 1955 igitur
1758 1914 1923 1951 naturales,

1077 1967 1148 1997 quae
1164 1956 1299 1986 materiae
1321 1956 1435 1986 adsunt
1458 1956 1548 1987 simul
1569 1964 1599 1987 et
1622 1956 1737 1994 insunt,
1754 1969 1790 1987 ae
1810 1957 1924 1989 formas

1075 1999 1200 2029 omniuo
1215 1998 1344 2036 divinas,
1361 2011 1432 2041 quae
1454 2011 1555 2041 neque
1578 1999 1693 2036 insunt,
1710 2011 1811 2041 neque
1832 2001 1920 2031 etiam

1074 2042 1200 2080 adsunt,
1217 2049 1322 2073 extare
1344 2050 1466 2084 oportet
1488 2042 1620 2073 mediam
1636 2043 1744 2073 forma?
1760 2051 1901 2074 naturam
1915 2058 1919 2074 z

1074 2097 1145 2127 quae
1168 2085 1303 2116 materiae
1324 2097 1384 2115 non
1400 2085 1472 2116 insit
1487 2085 1624 2127 quidem,
1641 2097 1679 2116 ne
1701 2098 1771 2116 cum
1796 2087 1922 2118 materia

1074 2128 1220 2170 patiatur,
1239 2140 1276 2159 ne
1297 2128 1443 2171 patiendo
1457 2140 1527 2159 cum
1544 2140 1579 2160 ea
1594 2129 1773 2171 imperfecte
1796 2138 1868 2171 agat
1890 2130 1919 2160 in

1074 2183 1139 2202 eam
1153 2185 1158 2202 :
1184 2183 1222 2202 110
1244 2172 1422 2213 imperfecte
1444 2172 1566 2214 agendo
1582 2184 1680 2214 usque
1695 2172 1735 2203 ad
1751 2172 1822 2203 vitae
1837 2173 1920 2215 vigo-

1074 2226 1136 2245 rem
1155 2215 1232 2245 110110
1247 2215 1343 2257 ipsam
1361 2215 1493 2246 formare
1508 2227 1569 2246 non
1590 2216 1697 2257 possit,
1714 2215 1794 2246 adsit
1815 2224 1919 2247 autem

1073 2258 1220 2296 materiae,
1245 2258 1276 2288 id
1302 2266 1348 2289 est
1374 2258 1506 2289 naturali
1533 2258 1727 2300 providentia
1752 2259 1864 2296 faveat,
1890 2268 1919 2290 et

1072 2301 1174 2332 foveat
1190 2301 1324 2343 quodam
1341 2300 1496 2332 affinitatis
1516 2313 1629 2338 amore,
1646 2302 1781 2332 fovendo
1796 2302 1918 2339 formet,

1071 2352 1165 2386 atque
1181 2344 1326 2382 vivificet,
1342 2344 1525 2375 vivificando
1542 2345 1712 2375 humanum
1736 2345 1834 2387 pariat
1856 2346 1918 2376 ani-

1071 2388 1143 2425 mal,
1160 2387 1287 2425 homini,
1311 2387 1341 2418 id
1365 2395 1408 2418 est
1432 2388 1543 2418 animae
1565 2387 1726 2418 subditum
1748 2389 1917 2429 generanti.

1072 2430 1182 2461 Talem
1194 2442 1258 2461 esse
1273 2430 1451 2461 rationalem
1468 2431 1600 2462 animam
1613 2431 1774 2473 perspicue
1787 2440 1914 2468 constat,

1070 2484 1131 2504 11011
1147 2473 1244 2505 inesse
1259 2474 1385 2516 quidem
1401 2481 1539 2516 apparet,
1556 2474 1607 2505 ubi
1624 2474 1744 2516 corpori
1764 2483 1915 2515 repugnat

1069 2524 1098 2546 et
1114 2516 1261 2559 imperat:
1286 2525 1414 2559 apparet
1428 2517 1519 2548 etiam
1536 2524 1565 2548 et
1581 2517 1697 2554 adesse,
1711 2517 1764 2547 ubi
1780 2517 1915 2559 corporis

1069 2559 1249 2602 conjugium
1265 2560 1446 2591 naturaliter
1460 2568 1554 2591 amat.
1589 2560 1696 2591 Habet
1711 2559 1828 2601 aliquid
1845 2571 1913 2601 pro-

1068 2602 1182 2643 prium,
1200 2603 1253 2634 ubi
1277 2602 1486 2641 ratiocinatur,
1502 2603 1533 2633 id
1557 2610 1602 2634 est
1624 2610 1710 2633 motu
1727 2602 1860 2644 quodam
1884 2609 1913 2631 ct

1068 2652 1205 2687 tempore
1221 2646 1260 2676 ab
1275 2646 1385 2677 effectu
1402 2646 1441 2676 ad
1457 2657 1578 2677 causam
1595 2644 1913 2686 argumentationibus

1068 2689 1131 2718 suis
1153 2688 1299 2725 ascendit,
1317 2689 1491 2730 iterumque
1514 2688 1687 2719 descendit:
1713 2696 1743 2718 et
1766 2687 1818 2717 ubi
1840 2698 1909 2728 pro-

1119 2743 1145 2765 A
