2201 2990
648 125 805 156 VITAM
829 123 1057 155 AUCTORE
1083 123 1371 155 PORPHYRIO.
1402 136 1434 167 p.
1451 125 1526 156 lxiv.
1917 127 1966 159 cxi

208 217 265 245 τῶν
281 214 429 248 ἐναντίων,
443 218 473 242 et
488 210 611 252 incipit:
636 210 688 241 τὸν
702 209 758 240 ἀπὸ
775 212 832 239 τῶν
848 209 989 239 ἐναντίων
1001 210 1052 238 τοῦ
1069 209 1096 235 A
1113 209 1193 239 tenb.
1219 215 1283 239 not.
1307 220 1395 238 mser.

208 265 369 296 Πλάτωνος
390 264 494 302 λόγον.
539 261 592 291 Ad
609 272 680 302 quae
698 259 851 290 Hardtius
874 259 940 289 hoec
962 258 1051 289 addi—

207 316 269 346 dit:
295 313 471 355 “Suspicor
493 323 557 342 esse
579 311 663 341 hunc
687 310 828 340 Atticum
854 309 1050 340 Platonicum

206 367 296 407 cujus
325 365 584 406 hypomnematon
612 362 643 392 in
668 361 828 392 Platonem
857 360 1052 402 Porphyrius

206 414 343 446 meminit
359 414 389 445 in
407 414 476 445 Vita
492 413 637 444 Plotini.''
674 413 715 443 At
738 412 767 442 in
791 412 946 442 Platonem
970 424 1051 443 com—

204 466 367 497 mentarios
382 465 494 496 diserte
510 476 571 495 non
587 464 661 495 dicit
677 463 707 494 h.
718 464 738 494 l.
754 463 957 506 Porphyrius.
984 464 1052 494 Cae-

205 525 303 548 terum
323 516 345 546 si
363 516 427 547 11100
447 516 552 557 opinio
571 516 782 552 confirmetur,
799 525 902 546 noster
917 515 966 545 1110
984 515 1051 557 phi-

202 567 349 610 losophus
366 567 507 598 Paterius
524 567 649 599 Atticus
664 566 813 597 dicendus
829 566 875 596 sit.
916 567 993 597 Mox
1012 566 1050 597 de
1068 570 1091 597 Β

204 619 281 650 Caio
302 618 472 649 adscribam
491 619 591 649 10011111
610 618 771 660 Anonymi
794 617 824 648 in
844 617 925 648 Bibl.
944 617 1050 648 coisli-

203 669 294 700 niana
317 681 347 711 p.
364 670 444 710 598:
470 671 503 700 ἐν
525 671 556 700 δὲ
577 672 610 708 τῇ
626 670 794 710 φιλοσοφίᾳ
815 670 950 709 ἕπρεψαν
966 669 1050 700 Πλά-

203 733 270 756 των,
290 720 508 760 Ἀριστοτέλης,
534 722 549 751 ὁ
574 722 676 751 τούτου
698 721 835 759 μαθητὴς,
856 719 897 750 ὧν
921 720 973 751 τὸν
996 722 1051 759 μὲν

204 771 353 802 Πλάτωνα
375 772 639 810 ὑπομνηματίζουσι
662 774 807 802 πλεῖστοι·
837 773 1051 812 χρησιμώτεροι

203 824 233 853 δὲ
251 823 346 860 Γάϊος,
360 822 503 861 Ἀλβῖνος
520 837 543 853 κ.
556 835 581 853 τ.
593 827 623 853 λ.

201 874 231 904 111
250 874 553 904 Conimentatoribus
570 873 799 904 Platonicorum
817 873 964 904 librorum
987 886 1050 905 esse

668 822 759 853 Unde
775 822 921 853 discimus
938 823 1050 853 Caium

201 925 437 956 numerandum.
484 926 565 967 Ejus
585 925 751 967 discipulos
774 925 893 955 audivit
911 926 1050 956 Galenus

203 976 288 1016 (Vid.
307 977 417 1007 Galen.
434 976 473 1007 de
487 976 642 1018 dignosce.
659 977 771 1007 affcctt.
791 988 817 1007 e.
836 978 880 1015 ὅ.)
908 977 962 1007 Cr.

244 1039 275 1070 p.
292 1028 365 1059 lxiV.
385 1027 400 1057 f.
426 1027 547 1068 ἐλέγετο
569 1029 600 1058 δὲ
622 1029 654 1058 ἐκ
674 1029 784 1058 τούτων
799 1028 884 1058 οὐδὲν
902 1028 1046 1069 καθάπαξ]

203 1079 329 1110 Ficinus
344 1086 494 1109 verterat:
521 1083 541 1096 ‘⁴
554 1079 613 1109 Sed
635 1079 709 1109 nihil
729 1091 766 1109 ex
787 1079 834 1109 his
858 1086 956 1110 tractu
979 1091 1050 1110 eon-

202 1130 291 1162 tinuo
319 1131 513 1161 dicebatur.'’

203 1181 409 1223 Engelhardt.
456 1181 516 1212 Sed
535 1182 606 1211 nolo
628 1193 734 1212 omnes
757 1193 873 1212 errores
890 1182 944 1212 viri
968 1190 1049 1213 cete-

203 1233 292 1274 roqui
316 1232 397 1263 docti
420 1244 535 1263 eruere.
566 1234 618 1264 Cr.
653 1237 673 1250 “
688 1233 808 1272 ἐλέγετο
830 1233 975 1264 i.e.S1'l)i
998 1234 1050 1264 eli.

559 1131 658 1168 Quem
691 1130 821 1161 fideliter
851 1138 974 1161 secutus
1004 1139 1049 1162 est

1444 210 1535 240 Unde
1561 211 1741 252 intelligitur
1769 213 1959 255 VVyttenba-

1111 258 1215 289 chium
1235 259 1426 289 haesitantem
1452 259 1537 290 illum
1554 261 1691 302 quidem,
1708 263 1760 292 sed
1777 271 1877 294 tamen
1896 276 1958 294 nia-

1111 309 1158 350 gis
1187 321 1374 351 propensum
1401 310 1495 341 fuisse
1522 310 1552 341 in
1579 312 1774 353 Toupianznn
1802 315 1961 353 rationein,

1112 371 1205 402 quam
1233 360 1263 390 in
1292 360 1566 392 Ruhnkenianam.
1612 363 1677 393 Nec
1705 363 1786 393 ullus
1814 364 1960 396 librorum

1112 419 1287 442 nostrorum
1311 412 1471 443 confirmat
1490 413 1586 443 hanc:
1611 424 1717 443 omnes
1739 424 1908 453 agnoscunt
1932 424 1962 447 et

1111 475 1143 493 τε
1158 470 1189 493 et
1205 464 1261 494 καί.
1308 464 1352 494 Et
1369 475 1440 493 vero
1463 463 1486 494 si
1502 463 1566 494 duo
1589 464 1659 494 libri
1682 464 1751 494 lecti
1771 473 1867 501 erant,
1884 478 1961 507 quo·

1112 525 1180 544 runi
1197 514 1293 544 altero
1308 514 1347 545 de
1361 514 1523 557 Principiis
1539 526 1640 545 rerum
1659 522 1763 557 egerat
1777 516 1958 556 Longinns;

1111 564 1207 595 altero
1226 565 1265 595 de
1287 565 1485 608 antiquarum
1507 566 1664 597 literarum
1688 567 1803 603 studio,
1819 567 1964 609 expedita

1111 623 1175 646 erat
1199 617 1398 659 comparatio,
1414 617 1442 647 in
1468 625 1538 648 utro
1557 619 1668 648 valeret
1689 618 1820 660 scriptor
1840 626 1870 648 01
1894 630 1963 660 pro-

1112 675 1254 698 vocatum
1264 668 1419 710 judicium
1433 669 1620 711 Plotini‚qui
1634 681 1705 700 eum
1719 669 1748 699 in
1762 669 1963 711 Philosophia

1112 727 1194 750 certe
1212 720 1370 751 Platonica
1394 720 1469 751 nihil
1494 733 1582 763 posse
1605 721 1796 762 pronuntiat,
1813 721 1842 751 in
1863 720 1961 751 litera·

1112 782 1180 801 rum
1199 770 1359 813 disciplina
1375 772 1553 814 plurimum.
1581 773 1634 803 Cr.

1155 833 1184 864 p.
1203 822 1277 852 lxiv.
1294 829 1318 852 g,
1346 824 1510 863 φιλολόγος
1530 824 1594 862 μὲν,
1614 823 1681 863 ἔφη,
1699 824 1714 853 ὁ
1736 826 1894 862 Λογγῖνος,
1912 828 1961 863 φι-

1110 874 1246 913 λόσοφος
1261 875 1293 904 δὲ
1312 875 1466 915 οὐδαμῶς.]
1494 875 1671 906 Αο0011111111
1695 874 1781 915 posui
1805 886 1843 904 ex
1864 874 1960 916 plurr.

1086 934 1090 942 ¹
1110 923 1196 954 libris
1216 925 1326 955 nostris
1349 937 1406 967 pro
1427 927 1591 966 φιλόλογος
1613 925 1661 956 ed.
1680 925 1772 956 Basil.
1790 933 1820 956 et
1836 925 1961 956 Fabric.

1112 974 1181 1005 licet
1192 975 1222 1005 in
1236 976 1457 1017 posterioribus
1471 977 1590 1008 Graecis
1605 976 1807 1019 scriptoribus
1819 984 1963 1007 accentus

1113 1026 1217 1058 variet.
1260 1027 1328 1058 Vid.
1348 1027 1519 1070 Phrynichi
1535 1029 1672 1071 Epitom.
1691 1040 1721 1070 p.
1733 1038 1807 1069 392.
1824 1039 1868 1069 sq.
1886 1027 1961 1069 ibiq.

1113 1078 1251 1109 Lobeck.
1274 1079 1327 1120 qni
1353 1079 1443 1109 etiam
1468 1079 1507 1110 de
1530 1079 1625 1121 hujus
1645 1079 1786 1110 vocabuli
1810 1091 1867 1109 usu
1892 1090 1962 1109 011111

1112 1129 1270 1171 Adjectivi
1287 1137 1352 1160 111111
1372 1130 1565 1162 Substantivi
1580 1131 1798 1161 consulendus.
1834 1131 1961 1161 Sueton.

1111 1181 1150 1211 de
1173 1181 1283 1212 illustr.
1311 1183 1452 1213 Graium.
1479 1194 1504 1212 c.
1530 1183 1588 1212 X.:
1616 1181 1801 1223 “Philologi
1827 1180 1963 1223 appella—

1111 1232 1225 1263 tionem
1249 1233 1448 1274 assumpsisse
1465 1232 1588 1263 videtur
1606 1233 1763 1273 (Atteius)
1784 1232 1867 1274 quin,
1883 1232 1961 1262 sicut

199 1285 305 1326 gebat,
322 1284 517 1326 sequebatur,
534 1289 569 1314 itt
588 1285 648 1314 sihi
665 1285 862 1326 probatum.”
898 1286 1047 1326 IVJJttenb.
1068 1286 1093 1312 D
1112 1283 1344 1321 Eratosthenes,
1361 1284 1415 1325 qui
1434 1283 1551 1326 primus
1568 1284 1625 1314 hoc
1640 1295 1810 1325 cognomen
1828 1283 1883 1314 sibi
1898 1283 1961 1314 vin-

204 1336 302 1366 )on:
326 1335 588 1375 Ἀναγνωσθέντος
608 1337 639 1366 δὲ
661 1336 736 1377 αὐτῷ
753 1338 804 1366 τοῦ
818 1349 849 1366 τε
865 1337 930 1375 περὶ
951 1337 1050 1377 ἀρχῶν

203 1388 352 1426 Λογγίνου
369 1387 414 1417 καὶ
429 1389 480 1416 τοῦ
495 1387 697 1426 Φιλαρχαίουε
724 1393 743 1402 “
756 1387 968 1417 Philarehaeus
988 1399 1049 1417 non

202 1445 247 1468 est
263 1449 372 1467 nomen
393 1437 550 1479 proprium
568 1437 635 1475 viri,
652 1437 705 1468 sed
722 1438 885 1479 Longinus
903 1439 1017 1469 dicitur
1032 1451 1050 1469 a

204 1488 379 1530 Porphyrio
395 1491 585 1528 φιλαρχαῖος,
600 1489 657 1519 1100
673 1496 718 1520 051
734 1489 932 1531 antiquarum
949 1490 1050 1521 litera-

202 1551 270 1570 rum
293 1547 323 1570 et
343 1539 452 1582 prisca}
475 1539 632 1581 sapientiae
655 1540 821 1571 studiosus.
868 1541 959 1579 Quod
977 1553 1050 1572 vero

203 1591 345 1622 Plotinns
361 1590 400 1621 de
418 1602 454 1621 eo
469 1590 632 1632 judicavit,
650 1591 803 1634 Philologi
820 1592 941 1623 laudem
959 1592 986 1623 ei
1003 1604 1050 1623 re-

1111 1335 1235 1372 dicavit,
1254 1335 1416 1377 multiplici
1434 1335 1579 1377 variaque
1595 1335 1734 1365 doctrina
1750 1334 1962 1365 censebaturf⁵

1112 1386 1184 1416 Non
1200 1394 1256 1421 est,
1270 1386 1354 1427 quod
1371 1386 1410 1416 de
1422 1386 1517 1428 hujus
1530 1386 1671 1417 vocabuli
1688 1387 1748 1416 late
1763 1394 1887 1428 patente
1905 1397 1961 1416 usu

1111 1437 1249 1468 dicamus
1275 1445 1344 1479 post
1370 1437 1525 1468 Valesium
1553 1437 1591 1467 de
1617 1437 1691 1467 Arte
1720 1437 1834 1467 Critica
1860 1438 1887 1467 I.
1914 1447 1963 1468 20.

1110 1501 1142 1532 p.
1158 1499 1224 1520 120.
1240 1490 1347 1520 Burni.
1364 1497 1394 1520 et
1409 1489 1448 1520 ad
1467 1489 1590 1520 Calcem
1609 1488 1774 1530 Hephaest.
1793 1488 1831 1518 de
1849 1488 1961 1519 Metris

1111 1553 1143 1583 p.
1160 1550 1233 1582 374.
1253 1540 1411 1572 Gaisford.
1450 1542 1482 1571 J.
1497 1542 1535 1571 C.
1550 1540 1651 1570 Wolf.
1669 1539 1708 1570 ad
1730 1539 1842 1569 Liban.
1859 1539 1960 1582 Epist.

1112 1593 1223 1623 DCX.
1240 1600 1304 1623 not.
1315 1603 1345 1633 3.
1361 1600 1392 1623 et
1405 1592 1507 1635 Epist.
1522 1593 1566 1623 X.
1584 1599 1648 1622 not.
1663 1602 1674 1621 1
1685 1602 1709 1621 I.
1735 1591 1959 1633 W‘yttenbach.

201 1642 354 1684 linquenS,
386 1641 566 1683 Philosophi
599 1642 740 1684 e1·ipienS‚
777 1643 928 1685 probatur
957 1644 1047 1675 etiam
1068 1649 1092 1676 E
1112 1643 1150 1674 ad
1171 1644 1325 1674 Plutarch.
1342 1644 1381 1674 de
1399 1643 1557 1674 Audiend.
1577 1647 1672 1685 po‘ett.
1690 1654 1711 1685 p
1735 1644 1804 1673 226.
1820 1654 1865 1684 sq.
1883 1650 1913 1673 et
1930 1642 1961 1672 in

203 1694 313 1725 Proclo
337 1693 389 1723 lib.
409 1694 436 1723 I.
453 1693 483 1723 in
502 1693 656 1723 Timaeum
683 1693 820 1724 Platonis
843 1706 874 1736 p.
894 1695 962 1735 27.''
986 1696 1050 1726 Fa-

201 1746 344 1776 brien—‘⁶
357 1744 522 1787 Porphyrii
547 1744 640 1775 verba
664 1752 810 1787 corrupta
834 1753 916 1785 sunt,
936 1746 1051 1788 quibus

201 1796 289 1827 facile
313 1796 354 1827 sie
381 1795 541 1826 medeare:
575 1796 819 1835 ἀναγνωσθέντος
842 1798 873 1827 δὲ
901 1797 976 1839 αὐτῷ
1000 1800 1051 1828 τοῦ

202 1849 267 1888 περὶ
284 1849 382 1888 ἀρχῶν
397 1848 557 1887 Λογγίνου,
574 1850 625 1878 τοῦ
641 1848 831 1888 φιλαρχαίου,
849 1847 879 1878 111
896 1857 958 1879 est:
982 1860 1050 1879 cnm

203 1900 230 1930 ei
256 1900 349 1930 lectus
373 1903 449 1929 esset
474 1899 551 1928 liber
574 1899 729 1941 Longini,
750 1899 866 1940 priscse
887 1901 1052 1941 sapientise

202 1950 345 1987 studiosi,
362 1950 398 1980 de
418 1950 605 1992 Principiis.

204 2011 264 2032 tem
283 2001 359 2032 vidit
381 2001 472 2032 etiam
495 2001 684 2032 FabriciusJ'
707 2002 874 2033 Ruhnken.

651 1951 752 1987 Quam
775 1950 939 1993 Porphyrii
966 1963 1049 1981 men-

203 2053 243 2083 de
259 2052 403 2094 Longino
424 2053 453 2092 §.
471 2052 530 2082 VI.
549 2064 581 2094 p.
597 2053 672 2093 498.
689 2052 738 2083 ed.
757 2053 883 2095 Bergm.
899 2053 938 2084 cf.
957 2053 1051 2096 hujus

205 2111 308 2134 notam
331 2114 363 2145 p.
380 2105 453 2143 526.
479 2107 699 2144 “sptssapxaios.
738 2105 885 2136 Meminit
905 2106 1048 2148 Porphy-

205 2161 223 2170 “
242 2154 305 2184 rius
327 2154 357 2184 in
382 2154 506 2185 Plotino
527 2166 592 2196 cap.
611 2156 707 2186 XIV.
753 2155 807 2186 Ad
831 2168 923 2198 quem
949 2157 1049 2187 locum

205 2212 224 2222 '‘
241 2213 399 2247 nugantur
414 2205 471 2235 viri
493 2206 616 2237 eruditi.

207 2314 225 2323 “
242 2306 284 2337 hil
308 2306 391 2336 aliud
411 2318 474 2337 esse
489 2319 581 2349 quam
601 2308 670 2339 libri
690 2309 827 2341 titulum.

664 2206 722 2237 Sed
745 2214 826 2237 recte
842 2207 918 2238 vidit
940 2207 1051 2239 doctis-

206 2263 224 2272 ·‘
243 2256 337 2286 simus
354 2255 490 2286 Valesius
506 2256 544 2287 de
560 2257 676 2288 Critica
692 2258 720 2287 I.
741 2266 788 2298 17.
813 2262 992 2299 φιλαρχαῖος
1007 2259 1051 2289 111-

874 2310 1050 2341 Subintelli-

1114 1694 1302 1726 Philoniath.
1324 1696 1352 1725 I.
1381 1707 1410 1738 p.
1431 1703 1480 1735 77.
1497 1707 1563 1737 sqq.
1588 1694 1722 1736 denique
1746 1694 1782 1724 F.
1801 1695 1844 1724 A.
1862 1694 1963 1724 Wolf.

1112 1746 1142 1776 in
1171 1747 1286 1777 Museo
1314 1746 1521 1788 Antiquitatis
1552 1746 1665 1777 Studd.
1699 1746 1727 1776 Ι.
1755 1756 1780 1776 1.
1813 1757 1844 1787 p.
1870 1755 1961 1776 11.—

1113 1797 1338 1828 Ruhnkenium
1363 1798 1488 1840 quidem
1510 1798 1568 1828 hoc
1590 1797 1707 1828 dictum
1734 1796 1848 1827 Plotini
1872 1795 1963 1826 vehe-

1113 1857 1230 1879 menter
1256 1849 1401 1891 pnpugit.
1448 1850 1495 1880 Ita
1521 1849 1601 1880 enim
1630 1848 1679 1879 ille
1709 1848 1740 1878 in
1769 1847 1896 1889 Disput.
1923 1846 1962 1877 de

1113 1900 1254 1942 Longino
1271 1902 1299 1941 ξ.
1314 1901 1373 1931 VI.
1390 1912 1421 1943 p.
1433 1910 1507 1942 502.
1525 1902 1668 1943 Bergm.:
1694 1906 1711 1915 “
1725 1900 1825 1937 Quam
1845 1909 1961 1935 vocem,

1112 1952 1197 1981 velut
1219 1951 1344 1982 oraculo
1367 1951 1500 1989 missam,
1517 1952 1627 1994 repetit
1652 1952 1791 1987 Proeliis,
1814 1949 1963 1980 eruditior

924 2002 1049 2044 Disput.
1071 2011 1093 2038 F
1112 2002 1162 2033 ille
1178 2002 1303 2044 quidem
1322 2003 1457 2040 Plotino,
1474 2003 1525 2033 sed
1545 2002 1652 2033 eodem
1678 2002 1785 2032 morbo
1809 2001 1962 2039 laborans,

1112 2055 1142 2084 in
1166 2054 1303 2085 Platonis
1325 2054 1409 2084 Tim.
1432 2066 1463 2096 p.
1483 2063 1531 2094 27.
1572 2053 1633 2084 Sed
1657 2053 1751 2095 liujus
1770 2052 1880 2094 judicii
1904 2052 1961 2082 ini-

1112 2105 1214 2147 quitas
1231 2105 1313 2136 unde
1329 2106 1467 2147 profecta
1490 2105 1539 2141 sit,
1557 2116 1617 2135 11011
1640 2112 1685 2134 est
1708 2103 1830 2134 difficile
1853 2103 1963 2134 intelli-

1112 2168 1193 2198 gere.
1242 2156 1363 2187 Urebat
1387 2156 1471 2187 haud
1499 2156 1593 2186 dubie
1619 2155 1786 2193 hominem,
1811 2166 1895 2185 suam
1924 2154 1962 2184 de

1114 2208 1197 2239 Ideis
1213 2208 1405 2246 sententiam,
1421 2219 1514 2249 quam
1531 2207 1686 2249 discipuli,
1706 2214 1739 2237 ut
1754 2207 1799 2243 fit,
1816 2205 1961 2236 laudibus

1112 2260 1141 2290 in
1166 2260 1277 2290 coelum
1302 2259 1428 2293 ferrent,
1446 2258 1563 2288 idoneis
1585 2257 1755 2288 rationibus
1778 2269 1795 2287 a
1818 2256 1959 2298 Longino

1111 2309 1322 2353 oppugnari.'’
1370 2310 1449 2340 Hinc
1466 2309 1525 2346 ille,
1543 2309 1596 2351 qui
1620 2308 1840 2339 recentioribus
1858 2308 1960 2338 Plato-

205 2364 223 2374 “
241 2358 326 2399 gitur
339 2356 450 2387 scilicet
462 2359 560 2397 λόγος.
592 2359 640 2390 Sic
653 2360 820 2399 φιλαλήθης
831 2362 921 2401 λόγος
932 2363 1047 2393 Euseb.
1068 2366 1094 2393 G
1112 2362 1198 2399 nieis,
1223 2368 1352 2402 excepto
1379 2360 1524 2402 Longino
1553 2367 1586 2390 ut
1614 2360 1788 2397 Literutori,
1814 2359 1959 2390 infensior

206 2416 222 2426 ‘⁴
242 2417 349 2440 contra
370 2409 503 2439 Hierocl.
525 2421 557 2451 p.
574 2419 648 2451 513.
689 2411 738 2441 Sic
757 2411 942 2451 ‘Hpmbtavofi
962 2413 1047 2452 φιλέ-

205 2467 224 2477 “
241 2474 346 2500 ταιρος.
394 2461 558 2498 Ζηνοδότου
588 2461 765 2501 φιλέταιρος,
796 2462 835 2493 de
865 2463 979 2504 quibus
1009 2464 1047 2495 cl.

204 2518 222 2528 “
242 2512 407 2542 Piersonus
430 2510 460 2540 in
478 2511 571 2541 Praef.
589 2511 627 2541 ad
646 2512 779 2543 Moerin.
826 2514 903 2550 Quae
921 2515 1047 2556 quidem

205 2570 223 2578 “
240 2562 377 2605 ejusdem
390 2561 497 2592 farinae
509 2562 609 2592 sunt.”
628 2563 727 2604 Toup.
738 2563 777 2593 ad
788 2564 919 2605 Longini
931 2566 1046 2608 Fragg.

204 2614 304 2645 VIII.
326 2624 371 2652 14.
398 2625 429 2655 p.
449 2623 521 2654 403.
541 2614 641 2643 Oxon.
670 2625 701 2655 p.
718 2615 791 2654 546.
807 2615 926 2647 Weisk.
963 2621 983 2634 “
997 2621 1045 2656 φι-

201 2665 356 2705 λαρχαίου.
380 2664 400 2694 f.
419 2664 494 2695 liber
511 2664 646 2706 Longini
665 2664 706 2695 sic
726 2665 924 2707 insc1·iptus.”
959 2669 1043 2709 Wgst-

1110 2420 1185 2444 erat.
1232 2413 1343 2453 Neque
1366 2411 1445 2441 enim
1463 2411 1647 2452 quidquam,
1665 2411 1748 2453 quod
1769 2419 1875 2441 contra
1892 2411 1959 2441 Plo-

1111 2465 1209 2496 tinum
1226 2463 1343 2494 1110111111
1361 2462 1409 2500 sit,
1426 2462 1455 2492 in
1473 2462 1547 2492 meis
1563 2462 1592 2492 in
1609 2463 1676 2503 ejus
1700 2462 1811 2504 scripta
1831 2469 1956 2491 annota-

1110 2516 1245 2547 tionibus
1267 2514 1442 2556 opprimere
1461 2513 1553 2544 volui.
1601 2514 1659 2544 Est
1682 2514 1761 2543 enim
1787 2513 1843 2543 hoc
1866 2513 1957 2541 inter-

1110 2567 1214 2610 pretiS‚
1231 2565 1284 2608 qni
1308 2565 1447 2595 liberales
1469 2572 1549 2595 artes
1566 2565 1757 2607 profiteatur,
1777 2562 1954 2605 primarium

1108 2629 1234 2655 munus,
1252 2625 1286 2647 ut
1307 2616 1442 2646 diversas
1465 2615 1629 2646 sententias
1651 2622 1797 2656 exponat,
1814 2621 1841 2643 et
1865 2624 1953 2642 suum

1108 2669 1221 2710 cuique
1245 2667 1399 2709 judicium
1429 2666 1558 2697 liberum
1590 2665 1752 2707 relinquat.
1798 2666 1953 2694 Caeteruni
