2201 2990
636 132 790 162 VITAM
817 132 1043 162 AUCTORE
1070 130 1359 160 PORPHYRIO.
1384 142 1412 172 p.
1432 131 1502 161 lxvi.
1894 146 1951 165 cxv

196 234 227 264 p.
248 232 316 262 199.

196 272 365 308 Reiuesius,
396 269 496 300 malim
528 271 579 299 τοῦ
606 269 713 298 Λυδοῦ.

193 322 307 364 gentile
326 332 436 352 nomen
457 320 520 350 exit
536 331 591 361 pro
611 318 744 360 proprio.

193 371 497 414 ψεις-Ζωροάστρου
522 374 542 388 “
556 369 728 400 zoroastris
750 367 929 410 apocrypha
949 367 1036 397 volu-

192 424 273 454 mina
302 435 320 453 a
351 421 540 452 Prodicianis
565 421 682 462 jactata
715 426 863 450 memorat
895 418 1038 449 Clemens

190 474 284 505 Alex.
302 474 328 504 I.
348 474 459 503 strom.
486 484 515 514 p.
532 473 629 512 304.’'
654 472 779 502 Fabric.
809 471 855 512 [p.
873 479 946 511 357.
965 471 1038 503 Pot,

191 524 277 566 te1·i]:
314 524 510 563 Ζωροάστρην
533 525 563 554 δὲ
590 523 642 553 τὸν
666 523 774 562 Μάγον
797 522 849 552 τὸν
874 521 996 561 Πέρσην
1021 523 1036 552 ὁ

765 266 891 297 Utravis
922 266 1038 296 ratione

793 318 871 347 Mox
888 317 1036 347 ἀποκαλύ-

190 576 368 615 Πυθαγόραν
398 574 556 612 ἐδήλωσεν·
598 573 701 615 [Lege
727 585 797 604 cum
831 573 977 614 Sylhurg.
1006 581 1035 603 et
1054 580 1077 607 B

189 626 321 657 Coteler.
338 626 376 656 ad
400 625 574 667 Recognitt.
594 625 798 655 Clementinn.
822 625 879 654 IV.
898 632 946 664 27.
973 624 1033 662 ἐζή-

187 678 301 720 λωσεν]
325 678 453 716 βίβλους
476 677 663 716 ἀποκρύφους
683 676 806 715 τάνδρὸς
826 678 909 706 τοῦδε
933 677 960 706 οἱ
983 676 1035 713 τὴν

187 729 332 768 Προδίκου
342 729 491 767 μετιόντος
501 728 616 767 αἵρεσιν
627 728 751 768 αὐχοῦσι
764 729 929 765 κεκτῆσθαι.
954 727 1034 759 Quae

186 779 279 810 verba
295 778 467 810 Cotelerius
489 790 559 809 cum
582 778 804 821 Porphyrianis
827 778 1035 820 comparanda.

185 842 248 861 esse
274 838 355 861 recte
386 830 515 861 monuit.
563 830 711 871 Sequitur
735 842 771 860 cx
800 829 859 860 alio
886 829 1034 872 scriptore

185 881 299 912 mentio
322 882 457 918 Zaratae,
475 881 520 911 uti
545 881 683 912 Huetius
708 882 883 911 Demonstr.
909 881 1032 923 Evaug.

184 933 329 975 proposit.
354 944 384 972 4.
413 940 494 964 recte
520 933 579 975 legi
601 933 705 974 jussit.

183 984 285 1026 attigit
308 984 399 1015 etiam
425 984 576 1015 Brucker.
602 985 685 1015 Hist.
711 984 827 1015 Philos.
846 985 903 1015 VI.
929 996 960 1026 p.
980 993 1029 1024 70.

183 1042 212 1066 et
239 1036 393 1066 Goensius
419 1036 457 1066 ad
482 1035 639 1078 Porphyr.
665 1036 703 1066 de
730 1037 829 1066 Antro
856 1035 1030 1078 Nymphar.

181 1094 323 1118 accurate
345 1087 505 1129 disputans
527 1096 633 1118 contra
658 1087 788 1118 Martini
806 1088 957 1129 Religion
979 1088 1030 1118 des

184 1140 314 1170 Gaulois
334 1151 363 1182 p.
382 1149 433 1179 92.
481 1139 567 1170 Sicut
588 1147 690 1170 autem
715 1139 798 1181 apud
821 1139 919 1170 Clem.
941 1139 1028 1169 Alex.

182 1189 201 1220 l.
230 1190 263 1227 l.‚
294 1190 336 1221 ita
367 1202 491 1232 prorsus
520 1190 550 1220 111
582 1190 712 1231 bilingui
744 1190 940 1232 inscriptione
972 1202 1027 1221 nu-

181 1253 236 1283 per
264 1248 363 1279 eruta,
390 1254 462 1284 quae
490 1242 721 1279 Gnosticorum,
749 1242 944 1283 Carpocratis
970 1249 1026 1272 cet.

364 220 422 250 Pro
446 217 656 257 Δημοστράτου
679 219 783 251 Λυδοῦ,
801 215 884 257 quod
909 215 1038 257 conjecit
1057 218 1082 244 A
1101 226 1232 244 mannus
1253 214 1282 244 in
1308 215 1415 245 Gesclt.
1434 215 1462 244 d.
1482 215 1597 246 Philas:
1617 217 1673 246 VI.
1696 228 1724 258 p.
1745 227 1813 249 200.
1831 218 1860 249 in
1877 219 1948 250 Ἀλ-

1100 268 1243 305 λογενοῦς
1256 265 1318 304 (vel
1337 272 1371 295 ut
1386 265 1506 295 Fabric.
1522 265 1622 296 nescio
1638 267 1721 297 unde
1738 268 1828 300 habet
1842 269 1950 300 Ἀλλο-

1100 316 1218 355 γένους)
1236 316 1368 353 haesitat,
1387 323 1505 358 poterat
1522 316 1637 358 pariter
1654 317 1682 347 111
1699 318 1764 349 aliis
1786 320 1831 349 his
1850 322 1947 352 nomi-

1099 367 1190 397 nibus
1207 367 1355 398 haesitare.
1391 368 1446 398 Cr.

1135 430 1167 461 p.
1180 418 1253 449 lxvi.
1270 419 1289 448 s.
1307 418 1547 458 βιβλίον-πρὸς
1562 418 1627 450 τοὺς
1644 421 1838 463 Γνωστικοὺς]
1858 427 1878 439 “
1891 424 1948 453 Est

1100 471 1260 501 Enneadis
1283 469 1428 500 secundm
1451 469 1528 499 liber
1544 480 1654 505 nonus,
1673 469 1739 500 licet
1761 470 1790 500 in
1811 478 1875 502 toto
1898 474 1949 503 illo

1098 533 1137 552 ne
1164 521 1255 552 semel
1284 521 1408 563 quidem
1439 521 1485 551 vel
1515 521 1735 551 Gnosticorum
1764 533 1874 553 nomen
1902 524 1948 555 vel

1097 573 1282 615 cujusquam
1310 584 1347 603 ex
1376 572 1422 602 his
1446 572 1623 614 I‘orphyrio
1647 573 1810 603 nominatis
1835 576 1948 605 mentio

1097 625 1266 655 oceui·rat.”
1290 625 1322 654 F
1320 624 1417 654 abric.
1464 624 1586 666 Reapse
1606 632 1707 654 tamen
1725 625 1890 656 Gnosticos
1913 639 1948 657 eo

1097 674 1175 705 libro
1196 675 1331 705 refutare
1354 675 1508 706 studuisse
1526 675 1684 706 Plotinum
1702 676 1740 707 ad
1758 676 1857 719 ipsum
1876 678 1945 720 plu-

1095 725 1182 756 ribus
1199 725 1270 756 locis
1287 726 1374 756 nobis
1391 726 1532 757 videmur
1548 727 1698 758 docuisse.
1732 730 1785 759 Cr.

1138 788 1170 819 p.
1187 777 1260 807 lxvi.
1278 784 1301 807 g.
1318 779 1480 817 Τρύφωνος
1495 781 1547 808 τοῦ
1562 781 1687 810 στωϊκοῦ
1703 793 1734 810 τε
1756 781 1802 810 καὶ
1818 783 1944 811 Πλατω-

1095 829 1199 869 νικοῦ,]
1223 828 1307 858 Hinc
1323 828 1409 859 relati
1425 829 1455 859 in
1471 828 1701 860 Platonicorum
1718 830 1854 873 itemque
1869 832 1947 862 Stoi-

1094 891 1199 910 corum
1227 880 1402 922 catalogum
1429 892 1477 923 ap.
1504 881 1625 911 Fabric.
1653 882 1690 912 B.
1711 882 1770 912 Gr.
1788 882 1944 913 vol.111.

752 934 902 964 Nostrum
930 933 1030 963 locum
1052 942 1074 969 C
1094 943 1126 973 p.
1148 942 1217 971 191.
1249 939 1279 962 et
1302 943 1331 974 p.
1349 932 1422 973 578.
1447 932 1496 962 ed.
1518 932 1610 963 Harl.
1633 933 1672 963 ab
1702 934 1946 965 Heumanno.—

1095 983 1241 1013 Proxime
1266 984 1369 1014 Lucas
1398 983 1581 1014 Holstenius
1607 984 1646 1014 de
1671 984 1741 1016 Vita
1768 993 1798 1016 et
1825 986 1945 1028 scriptis

1094 1034 1261 1077 Porphyrii
1285 1046 1351 1077 cap.
1371 1035 1419 1066 II.
1445 1047 1476 1077 p.
1495 1036 1525 1065 8.
1543 1035 1591 1066 ed.
1611 1036 1793 1079 Cantabrig.
1810 1036 1870 1079 legi
1889 1038 1943 1080 ju-

1092 1085 1162 1116 bet:
1192 1085 1207 1116 ὃ
1232 1086 1386 1126 ἐπέγραψε
1407 1086 1472 1125 μέν.
1521 1087 1613 1124 Quod
1638 1087 1829 1130 recepissem,
1847 1089 1871 1119 si
1895 1089 1943 1119 vel

1092 1148 1173 1167 unus
1192 1137 1268 1168 liber
1283 1137 1462 1168 addixisset.
1508 1139 1601 1169 Nunc
1619 1139 1812 1181 Porphyrius
1828 1147 1941 1182 putan-

1091 1188 1151 1218 dus
1173 1196 1218 1219 est
1235 1188 1349 1219 Amelii
1372 1188 1450 1219 libro
1467 1189 1591 1220 titulum
1609 1190 1839 1232 praescripsisse,
1856 1191 1941 1233 quod

1090 1239 1190 1281 ipsum
1212 1251 1272 1270 non
1296 1240 1466 1270 absurdum
1487 1247 1542 1271 est.
1591 1240 1682 1271 Illam
1698 1241 1940 1274 criminationem

180 1292 292 1334 placita
315 1293 480 1335 eloquitur,
492 1293 672 1335 junguntur
689 1293 823 1333 Ζαράὸας
844 1306 875 1324 τε
899 1294 945 1323 καὶ
964 1296 1024 1324 Πυ-
1045 1301 1072 1327 D
1089 1292 1248 1333 attingunt
1263 1291 1354 1322 etiam
1369 1291 1572 1322 Tiedemann.
1589 1291 1619 1322 111
1639 1293 1733 1323 Geist.
1748 1293 1778 1323 d.
1792 1295 1937 1336 specztlat.

181 1344 317 1383 θαγόρας,
358 1344 428 1375 Vid.
455 1345 578 1375 Gesenii
604 1345 734 1375 Dissert.
758 1345 797 1375 de
822 1345 1027 1386 Inscriptione

180 1395 467 1427 Phoenicio-Graeca
504 1397 534 1426 in
568 1396 737 1438 Cyrenaica
767 1408 867 1438 nuper
894 1404 1026 1438 reperta.

179 1446 272 1477 Halae
300 1449 388 1485 1824.
436 1447 607 1478 Hamakeri
635 1449 738 1478 Lettre
769 1449 786 1477 a
815 1448 879 1477 Mr.
907 1447 1025 1477 Raoul-

178 1498 339 1528 Rochette.
373 1499 481 1540 Leyde
509 1501 598 1540 1825.
622 1507 651 1529 et
675 1499 713 1530 cf.
734 1500 860 1529 Matter.
881 1499 962 1529 Hist.
982 1498 1024 1529 du

178 1549 382 1580 Gnosticisme
411 1550 459 1580 II.
484 1561 516 1591 p.
544 1559 614 1590 292.
640 1562 706 1592 sqq.
754 1551 809 1580 Καὶ
837 1552 1026 1589 Ζωστριανοῦ

178 1601 337 1631 Arnobius
352 1601 423 1631 adv.
442 1602 558 1632 Gentes
576 1602 603 1632 I.
616 1611 668 1642 52.
687 1613 716 1643 p.
729 1612 780 1642 35.
793 1601 902 1632 Orell.:
930 1603 1024 1643 “Age

1089 1342 1208 1373 Philos.
1227 1342 1295 1372 III.
1314 1354 1345 1384 p.
1363 1342 1431 1382 276.
1450 1349 1479 1373 et
1496 1343 1711 1375 Tennemann.
1728 1345 1757 1375 in
1776 1346 1889 1377 Gesch.
1907 1347 1939 1378 d.

1089 1393 1202 1424 Philos.
1221 1395 1277 1424 VI.
1295 1406 1327 1436 p.
1345 1404 1409 1435 51.,
1426 1395 1478 1436 qui
1497 1402 1597 1425 tamen
1615 1395 1731 1426 Plotini
1747 1396 1848 1427 locum
1865 1398 1938 1429 citat

1088 1446 1125 1475 V.
1147 1455 1170 1475 Ι.
1190 1446 1218 1475 8.
1242 1447 1286 1487 (p.
1304 1446 1377 1485 489.
1396 1447 1449 1486 B.)
1475 1446 1565 1488 plane
1592 1447 1631 1477 ab
1656 1447 1712 1478 hac
1736 1460 1767 1478 re
1792 1449 1935 1480 alienum.

1086 1497 1231 1528 Debebat
1246 1497 1328 1527 hunc
1346 1497 1512 1539 Porphyrii
1529 1497 1628 1528 locum
1647 1498 1782 1530 laudare.
1816 1502 1870 1532 Cr.

1129 1560 1160 1590 p.
1183 1548 1256 1580 lxvi.
1275 1549 1301 1580 ¹¹.
1329 1549 1473 1587 βασιλεὺς
1500 1551 1530 1579 δὲ
1557 1551 1685 1589 τοῦνομα
1711 1553 1750 1592 τῷ
1775 1554 1935 1594 Πορφυρίῳ

1085 1600 1373 1642 προσῆν-Μάλχῳ
1404 1600 1585 1642 κεκλημένῳ]
1618 1603 1815 1645 “Eunapius
1841 1605 1885 1646 [p.
1906 1615 1932 1644 7.

175 1663 257 1683 nunc
274 1652 608 1690 veniat—Zoroastres,
626 1653 802 1695 Hermippo
824 1661 858 1684 ut
881 1653 1024 1684 asscntia-
1042 1657 1066 1684 E
1087 1651 1216 1693 Boiss.]2
1238 1651 1367 1692 Μάλχος
1383 1653 1413 1682 δὲ
1432 1636 1543 1700 (Ἶῑῖῃ)
1563 1655 1635 1683 κατὰ
1654 1653 1706 1691 τὴν
1722 1655 1824 1694 Σύρων
1846 1657 1936 1687 πόλιν

175 1715 245 1734 mur
260 1704 393 1735 authori.
432 1705 614 1735 Bactrianus
630 1712 659 1735 et
675 1704 725 1735 ille
744 1704 916 1741 conveniat,
934 1704 982 1746 cuj
990 1716 1023 1734 us

176 1756 294 1787 Ctesias
317 1768 364 1786 res
386 1764 487 1797 gestas
509 1756 706 1787 historiarum
728 1756 855 1798 exponit
876 1756 905 1786 111
923 1756 1023 1798 primo

174 1808 524 1839 ArmeniusHostlzam'S
535 1808 658 1849 nepos.”
672 1807 753 1846 (Vid.
761 1807 872 1838 Ctesizr
879 1808 976 1848 fragm
982 1819 1020 1837 111.

174 1859 222 1890 ed.
243 1860 344 1890 Baehr.
374 1872 404 1902 p.
421 1862 510 1900 405.)
541 1859 594 1889 ubi
621 1870 677 1900 pro
706 1858 874 1889 Hosthanis
898 1859 946 1889 ed.
972 1870 1019 1900 pr.

176 1911 266 1941 Rom.
284 1919 313 1942 et
330 1911 409 1941 Cod.
426 1922 482 1940 ms.
502 1911 672 1941 Zostricmi.
707 1910 793 1949 (Vid.
813 1911 897 1940 Varr.
917 1911 1017 1941 Lectt.

176 1963 217 1992 T.
236 1963 284 1992 II.
308 1974 339 2004 p.
356 1964 428 2001 482.
454 1969 484 1992 et
508 1961 630 1992 Lewald
650 1962 686 1991 V.
700 1961 747 1991 (Jl.
765 1962 783 1992 l.
802 1962 838 1999 1,)
877 1962 935 1991 Cui
959 1961 1018 1992 lec-

1085 1705 1100 1733 ὁ
1119 1704 1288 1743 Πορφύριος
1310 1705 1443 1734 ἐκαλεῖτο
1464 1705 1500 1734 τὰ
1520 1707 1619 1743 πρῶτα
1641 1707 1737 1744 (τοῦτο
1761 1708 1792 1737 δὲ
1815 1709 1935 1739 δύναται

1083 1755 1216 1793 βασιλέα
1226 1755 1353 1795 λέγειν’)
1374 1756 1546 1794 Πορφύριον
1559 1757 1589 1785 δὲ
1603 1755 1692 1786 αὐτὸν
1705 1756 1843 1795 ὠνόμασε
1855 1761 1933 1799 Λογ-

1083 1810 1173 1846 γῖνος,
1192 1808 1221 1839 ἐς
1244 1806 1277 1837 τὸ
1299 1807 1461 1845 βασιλικὸν
1478 1808 1527 1844 τῆς
1547 1808 1669 1845 ἐσθῆτος
1686 1807 1861 1846 παράσημον
1881 1810 1934 1848 τὴν

1083 1859 1284 1898 προσηγορίαν
1308 1857 1496 1897 ἐπιτρέψας.”
1521 1858 1647 1888 Fabric.
1671 1857 1731 1900 leg.
1751 1860 1931 1900 ἀποτρέψας,

1082 1917 1112 1939 ct
1128 1909 1188 1940 vid.
1207 1910 1373 1951 Wyttenb.
1398 1917 1428 1940 et
1452 1909 1592 1940 Boisson.
1609 1909 1647 1940 ad
1665 1909 1722 1941 loc.
1738 1910 1756 1940 l.
1783 1923 1812 1952 p.
1831 1921 1880 1952 29.
1902 1922 1932 1943 et

1081 1971 1111 2002 p.
1132 1961 1200 2001 156.
1239 1960 1382 1991 Eudocia
1405 1972 1434 2003 p.
1451 1962 1523 2002 364.
1549 1961 1644 2003 hujus
1666 1963 1778 1993 mutati
1802 1963 1932 1994 nominis

175 2013 247 2043 tioni
271 2025 307 2043 ex
327 2021 429 2044 nostro
446 2013 511 2044 loco
534 2013 700 2043 auctoritas
716 2021 821 2054 parata
839 2013 934 2043 videri
952 2025 1019 2054 pos-
1040 2015 1062 2042 F
1081 2011 1168 2042 aliam
1187 2012 1333 2042 rationem
1352 2012 1445 2054 priori
1462 2012 1565 2043 addit:
1590 2011 1607 2051 ἦ
1622 2013 1678 2043 ἀπὸ
1694 2016 1746 2044 τοῦ
1765 2016 1931 2054 πορφυρίαυ

174 2064 221 2098 sit,
244 2064 300 2094 nisi
325 2064 495 2094 Hosthanis
519 2064 632 2095 mentio
655 2064 850 2106 frequentata
873 2065 909 2095 sit
934 2065 1018 2106 apud

175 2122 301 2145 veteres.
344 2116 393 2154 (V.
412 2115 532 2146 Fabric.
550 2117 586 2146 B.
606 2116 663 2146 Gr.
683 2116 706 2145 I.
733 2127 764 2157 p.
785 2116 854 2146 106.
874 2128 940 2157 sqq.
966 2115 1016 2146 ed.

177 2165 309 2205 Harles.)
357 2167 417 2204 Qui
433 2168 677 2209 conjecturarum
695 2166 844 2197 illecebris
860 2178 891 2197 se
906 2166 1016 2197 irretiri

173 2217 256 2254 velit,
279 2218 373 2259 possit
396 2230 433 2248 ex
456 2219 497 2249 N.
514 2219 552 2249 T.
576 2218 787 2249 haereticorum
814 2217 937 2248 nomina
960 2230 1014 2248 ex-

172 2268 280 2310 piscari
297 2274 326 2298 et
344 2280 399 2310 pro
415 2271 571 2310 φιλοκώμῳ
588 2281 700 2312 ponere
716 2281 753 2300 ex
773 2279 789 2299 2
802 2269 884 2300 Tim.
904 2270 950 2300 II.
967 2279 1014 2310 17.

173 2320 308 2359 φιλητὸν,
326 2327 355 2350 et
371 2331 428 2361 pro
443 2320 575 2362 Νικοθέῳ
590 2321 734 2351 infamem
754 2320 844 2351 istum
864 2321 1015 2352 Νικόλαον

1080 2063 1276 2102 ὀνομάζεσθαι
1299 2063 1351 2101 τὴν
1373 2065 1470 2103 Τύρου
1491 2063 1610 2104 τέχνην.
1658 2064 1874 2107 Olympiodor.
1899 2067 1928 2097 in

1080 2115 1151 2145 Alc.
1169 2126 1215 2157 pr.
1233 2127 1264 2157 p.
1285 2116 1360 2146 168:
1387 2117 1463 2155 εἴγε
1484 2116 1530 2146 καὶ
1551 2115 1616 2155 παρ’
1633 2116 1701 2154 ἡμῖν
1716 2117 1733 2155 ἡ
1748 2119 1841 2156 Τῦρος
1861 2131 1929 2158 πορ-

1079 2167 1169 2206 φυρία
1190 2165 1312 2206 λέγεται
1332 2166 1382 2206 ἀφ’
1400 2167 1433 2204 ἧς
1448 2167 1464 2205 ἡ
1480 2168 1628 2206 πορφύρα,
1645 2169 1692 2198 διὰ
1712 2167 1744 2198 τὸ
1767 2169 1856 2207 αὐτὴν
1874 2171 1926 2207 μό-

1079 2231 1132 2256 νην
1156 2219 1323 2257 ἀφωρίσθαι
1347 2218 1418 2256 πρὸς
1441 2218 1492 2256 τὴν
1515 2219 1676 2258 ἁλουργίδα
1703 2221 1754 2249 τοῦ
1777 2219 1928 2257 βασιλέως

1079 2271 1246 2308 (Περσῶν).
1272 2268 1325 2299 ubi
1342 2268 1403 2299 vid.
1420 2270 1542 2300 Annot.
1560 2269 1729 2300 Ruhnken.
1746 2270 1777 2300 in
1797 2271 1922 2314 Disput.

1077 2320 1116 2350 de
1133 2320 1278 2362 Longino
1296 2322 1325 2361 ξ.
1341 2321 1440 2351 VIII.
1459 2333 1488 2363 p.
1505 2331 1579 2362 504.
1597 2321 1647 2351 ed.
1664 2322 1804 2363 Bergm.:
1831 2326 1851 2340 ‘⁶
1863 2334 1926 2363 qua

172 2370 394 2401 Nicolaitarum
421 2378 574 2401 auctorem
601 2372 806 2414 (Apocalyps.
830 2372 877 2402 ΙΙ.
898 2373 925 2402 6.
948 2375 1012 2413 15.)
1034 2377 1058 2404 G
1077 2372 1106 2402 in
1132 2383 1164 2403 re
1188 2372 1325 2414 Eunapii
1351 2372 1541 2414 diligentiam
1569 2372 1698 2414 requirit
1722 2373 1860 2404 Valesius
1886 2375 1925 2405 de

171 2422 222 2452 sed
248 2422 328 2452 malo
355 2423 490 2464 profiteri
517 2433 565 2453 me
588 2422 643 2453 hos
668 2423 806 2453 homines
833 2434 891 2453 non
919 2423 1015 2465 magis

170 2485 268 2510 nosse,
286 2484 377 2515 quam
401 2472 577 2514 Allogenem
602 2481 632 2503 et
652 2475 776 2504 Mesum
796 2475 844 2504 vel
860 2475 1013 2512 NIessum,

172 2524 235 2563 (cui
250 2525 390 2566 Moysen]
408 2524 591 2554 Ehraeorum
609 2523 810 2565 legislatorem
828 2526 1013 2557 substituere

169 2576 347 2613 voluerunt,
373 2575 533 2605 scribendo
560 2574 698 2606 Μωΰσου.
738 2576 786 2605 Cf.
812 2576 956 2607 Ncander
983 2577 1011 2607 in

171 2627 281 2658 Gesch.
299 2627 354 2657 der
371 2626 498 2657 Christl.
518 2625 633 2656 Kirche
650 2627 677 2656 I.
694 2637 724 2668 p.
738 2628 810 2666 718.
828 2635 858 2658 et
874 2639 903 2669 p.
922 2630 1009 2668 776.)

169 2679 222 2720 qui
246 2679 302 2709 hoc
326 2689 435 2719 agmen
459 2677 617 2708 claudunt.
674 2678 752 2707 Nam
778 2678 861 2719 quod
887 2680 1010 2711 Tenue-

1077 2422 1154 2453 Crit.
1172 2424 1199 2454 I.
1220 2424 1267 2453 18.
1315 2424 1426 2465 Neque
1449 2424 1529 2454 enim
1558 2425 1731 2467 Longinus,
1749 2425 1801 2456 sed
1825 2427 1922 2456 Ame-

1074 2474 1133 2505 lius
1147 2475 1279 2505 nominis
1295 2475 1386 2516 Tyrii
1408 2475 1438 2505 in
1456 2476 1602 2506 Graeeum
1621 2477 1766 2509 Βασιλεὺς
1783 2477 1921 2508 mutandi

1073 2533 1182 2557 auctor
1200 2526 1270 2564 fuit,
1287 2526 1353 2569 ipso
1371 2527 1544 2570 Porphyrio
1567 2535 1642 2558 teste
1665 2527 1704 2558 de
1720 2528 1790 2557 Vita
1807 2527 1920 2557 Plotini

1074 2579 1220 2611 Βασιλεὺς
1242 2578 1345 2616 etiam,
1362 2590 1423 2609 non
1446 2579 1626 2618 Πορφύριος,
1645 2585 1773 2608 vocatur
1792 2590 1809 2608 a
1834 2578 1917 2608 Lon-

1071 2630 1146 2671 gino
1161 2630 1190 2660 in
1206 2629 1392 2660 Praefatione
1408 2629 1476 2660 libri
1494 2630 1559 2668 περὶ
1575 2628 1679 2661 τέλους
1695 2640 1725 2670 p.
1745 2638 1808 2669 131.
1841 2630 1919 2666 Quae

1072 2679 1160 2710 facile
1176 2680 1388 2718 conciliantur,
1405 2680 1428 2710 si
1445 2680 1593 2717 dicamus,
1613 2679 1774 2710 Malchum
1791 2680 1916 2721 quidem

1124 2735 1186 2776 112
