2201 2990
684 138 747 178 IN
778 138 887 177 LIB.
910 137 941 176 I.
974 137 1229 176 ENNEAD.
1261 137 1512 176 TERTIAE.

241 239 327 271 sistit.
372 240 470 277 Quam
493 237 532 268 ob
556 247 619 267 rem
640 235 768 277 singulae
791 233 979 275 singulorum
1002 245 1069 264 mo-

241 283 336 314 tiones
353 290 383 313 et
405 280 566 323 passiones,
583 290 653 320 quae
668 278 698 308 in
721 276 949 308 multitudinem
973 276 1070 306 mobi-

240 325 415 366 litatemque
443 322 558 353 infinite
587 320 786 362 multiplicem
814 319 980 356 variantur,
1010 330 1070 349 non

240 374 367 410 possunt
397 377 451 408 per
481 364 558 394 vires
589 364 798 404 motionesque
826 361 970 399 caelestes,
1000 373 1071 403 quae

239 418 320 441 certo
335 419 462 439 numero
482 406 615 437 definitae
630 414 712 441 sunt,
728 413 758 436 et
779 405 885 435 ordine
900 412 982 435 certo
1002 416 1070 446 pro-

238 453 361 489 cedunt,
378 452 420 482 ita
442 458 475 480 ut
495 449 638 480 continue
653 449 818 485 variantur,
835 447 975 478 distribui
999 459 1071 489 pro-

239 495 304 538 prie
319 502 411 536 atque
431 493 517 523 duci:
544 492 599 522 nisi
614 492 693 522 forte
713 491 863 533 quispiam
887 491 928 521 ita
951 490 1069 528 deliret,

240 545 274 568 ut
289 536 423 579 singulos
438 535 526 566 etiam
546 534 740 565 delirantium
756 542 786 564 et
809 533 980 564 ludentium
997 545 1071 575 pue-

239 591 341 611 rorum
373 587 474 610 motus
503 578 611 620 quovis
638 585 791 608 momento
819 576 945 618 singulis
971 576 1071 607 caeles-

237 623 313 654 tium
329 622 459 664 assignet
474 621 651 657 influxibus,
669 628 703 651 ut
718 631 772 650 nec
789 619 875 650 aliter
890 627 1072 650 moveantur

238 677 356 702 manus,
373 665 476 707 pedes,
492 664 590 705 digiti,
606 663 697 701 labia,
717 663 808 699 oculi,
830 674 944 699 sensus,
966 663 1072 705 imagi-

238 709 320 740 natio
342 714 496 739 momento
517 706 664 748 quolibet,
681 718 774 748 quam
797 705 923 736 caelestis
946 706 995 736 ille
1017 706 1069 736 de-

236 759 339 783 cernat
353 751 498 782 influxus.
531 749 581 780 Sic
597 749 637 780 acl
652 749 733 780 illius
749 760 885 780 normam
901 749 1073 780 innumera-

237 795 344 826 bilium
360 795 544 825 locustarum
562 792 655 823 saltus
671 793 860 823 describatur
880 803 1069 823 muscarum-

238 850 298 880 que
320 837 449 873 volatus,
470 844 500 867 et
521 836 701 866 offensiones
723 835 867 878 quaelibet
891 835 982 866 illatae
1005 835 1072 877 qui-

237 880 378 911 buslibet.
425 879 484 910 Sed
501 879 637 921 profecto
654 890 712 909 non
733 879 835 909 omnia
849 879 928 909 fiunt
949 890 1074 920 prorsus

236 930 266 954 et
292 922 519 965 compelluntur
547 934 566 952 a
591 922 683 952 caelo:
709 922 770 952 imo
792 929 822 952 et
851 922 960 952 coelum
982 933 1075 963 opera

235 966 429 1008 actionesque
453 965 671 996 elementorum
698 973 728 996 et
757 965 923 995 mixtorum
956 964 1072 1007 planta-

237 1020 368 1051 rumque
383 1017 412 1039 et
433 1008 609 1039 animalium
625 1019 685 1038 non
702 1008 792 1039 efficit
815 1008 878 1038 sine
897 1008 965 1045 illis,
981 1016 1074 1049 atque

237 1052 316 1094 ignis
341 1052 398 1082 sub
427 1051 565 1093 quolibet
595 1051 692 1082 sidere
721 1051 868 1089 calefacit,
895 1059 924 1082 et
949 1059 1075 1092 generat

236 1095 337 1137 ignem
355 1094 540 1136 proprietate
555 1102 689 1125 naturae:
707 1106 806 1136 neque
822 1094 879 1124 sub
895 1090 965 1124 ullo
977 1094 1074 1125 sidere

237 1138 400 1180 frigefacit,
410 1137 457 1168 vel
469 1144 594 1179 generat
610 1149 732 1179 aquam,
747 1145 917 1179 caeteraque
927 1137 1072 1168 similiter.

239 1182 339 1219 Quam
362 1181 402 1211 ob
431 1192 507 1217 rem,
531 1180 809 1222 quomodocunque
832 1192 862 1211 sc
887 1180 994 1211 caelum
1018 1180 1071 1210 ha-

238 1224 318 1262 beat,
335 1223 477 1255 continue
492 1223 642 1254 naturalia
657 1223 812 1265 quaelibet,
823 1231 883 1254 tam
898 1235 957 1254 non
972 1223 1073 1253 viven-

240 1267 282 1298 tia
296 1278 388 1309 quam
405 1266 537 1297 viventia
552 1278 609 1308 pro
623 1274 733 1297 natura
748 1278 812 1303 sua,
830 1266 976 1308 impulsu,
991 1278 1075 1297 occa-

239 1310 332 1347 sione,
350 1309 527 1351 indigentia,
548 1309 763 1351 imaginatione
786 1309 829 1340 ita
851 1310 952 1351 potius
967 1318 1075 1351 agunt,

239 1361 294 1384 aut
310 1353 348 1384 ita
366 1353 426 1383 huc
447 1353 559 1394 potius,
577 1360 630 1383 aut
652 1352 723 1383 illuc
743 1352 901 1383 manifeste
916 1353 1073 1383 feruntur:

239 1404 333 1438 atque
348 1396 413 1426 haec
431 1395 543 1433 onmia,
558 1395 642 1437 quod
664 1395 733 1434 sint,
749 1395 915 1437 vivantque
938 1407 1075 1426 commu-

240 1439 329 1477 niter,
354 1447 383 1470 et
405 1450 494 1481 agere
518 1439 720 1469 communiter
745 1450 928 1480 movereque
951 1439 1076 1480 possint,

239 1493 274 1513 ac
297 1482 421 1518 moveri,
438 1482 552 1512 habent
573 1481 683 1512 caelesti
699 1482 813 1512 favore.
858 1481 949 1519 Quod
972 1489 1075 1512 autem

239 1525 270 1555 in
288 1525 339 1556 tali
355 1525 453 1567 specie
468 1531 497 1555 et
513 1524 659 1566 singulari
675 1524 860 1566 proprietate
875 1525 944 1561 sint,
961 1536 978 1555 a
993 1524 1077 1566 geni-

241 1568 358 1598 toribus
383 1568 497 1598 habent
518 1576 611 1609 atque
634 1567 709 1604 loco,
731 1575 761 1598 et
784 1567 857 1609 quia
879 1567 951 1598 talia
977 1568 1076 1598 taliter

240 1618 346 1652 agunt.
393 1610 484 1648 Quod
508 1622 580 1641 vero
596 1618 641 1641 tot
665 1610 775 1641 talesve
797 1611 827 1640 in
851 1611 993 1641 universo
1016 1611 1075 1641 sint

239 1654 364 1696 species,
381 1661 446 1684 tum
463 1665 499 1684 ex
516 1653 664 1684 idealibus
679 1653 791 1684 divinae
808 1654 916 1684 mentis
935 1654 1075 1695 provenit

239 1697 406 1738 speciebus,
423 1703 488 1727 tum
505 1708 541 1726 ex
558 1696 726 1727 rationibus
740 1696 848 1727 animae
868 1697 1074 1727 seminalibus.

242 1740 316 1782 Ipsa
330 1740 409 1770 enim
434 1739 570 1781 specialis
587 1739 741 1770 distinctio
763 1751 866 1770 rerum
889 1751 989 1781 neque
1004 1752 1075 1770 casu

240 1782 359 1819 accidit,
382 1794 479 1824 quum
506 1794 625 1824 semper
646 1782 869 1813 ordinatissima
892 1783 950 1814 sit:
976 1794 1075 1825 neque

240 1837 278 1856 ex
303 1825 429 1856 materia
453 1826 488 1856 fit
516 1837 641 1868 prorsus
669 1825 802 1864 informi,
826 1837 922 1868 quum
947 1826 1012 1868 ipsa
1038 1826 1076 1856 sit

242 1868 318 1899 mira
343 1868 513 1899 formositas
542 1869 679 1910 subjecto
704 1869 833 1899 formato
862 1869 1072 1911 praestantior:

242 1922 342 1952 neque
357 1911 404 1941 vel
427 1923 463 1942 ex
487 1911 590 1942 mobili
608 1911 772 1942 caelestium
796 1912 987 1949 habitudine,
1010 1913 1076 1954 ipsa

241 1953 321 1984 enim
346 1962 390 1984 est
415 1954 577 1985 immobilis
604 1966 638 1985 ac
661 1967 785 1997 prorsus
811 1962 940 1986 aeterna:
966 1955 1012 1986 vel
1035 1967 1074 1986 ex

242 1996 412 2027 caelestibus
434 1997 538 2027 formis
559 1997 710 2028 duntaxat
732 2005 825 2040 atque
844 1998 960 2040 figuris,
977 2010 1074 2040 quum

243 2046 273 2070 et
297 2039 327 2069 in
357 2039 431 2070 caelo
453 2039 565 2081 speeies
588 2040 629 2071 ita
655 2041 783 2072 describi
809 2052 869 2071 non
896 2042 1022 2083 possint,
1045 2049 1075 2072 et

243 2082 349 2112 multae
364 2082 422 2113 sint
438 2094 538 2113 rerum
555 2084 666 2124 species
684 2084 878 2126 incorporeae,
895 2092 924 2115 et
940 2084 1075 2115 formalis

244 2125 377 2167 ipsarum
394 2125 469 2156 ordo
484 2125 641 2157 artificiose
657 2127 789 2158 directus
803 2127 842 2157 ad
859 2127 960 2165 finem,
977 2128 1015 2158 ab
1031 2128 1074 2157 in-

243 2168 411 2209 telligentia
435 2168 566 2210 quadam
597 2170 811 2210 praescribente
836 2170 938 2209 finem,
966 2171 1075 2202 debeat

244 2210 400 2253 proficisci.

246 2298 418 2334 Confirmatio
446 2302 539 2325 contra
566 2299 666 2325 coelesle
685 2298 780 2335 satum
806 2308 854 2335 per
878 2301 1071 2333 Alexandrum,

365 2339 523 2369 Eumaeum,
542 2339 749 2374 Diogenianum,
766 2340 945 2368 Ptolemoemn.

287 2386 334 2416 II.
360 2385 538 2415 Alexander
554 2385 760 2426 Aphrodisius
782 2386 812 2416 111
835 2386 912 2417 libro
934 2387 972 2417 de
994 2389 1073 2418 Fato

243 2428 282 2459 ad
303 2427 474 2458 Antonium
493 2428 659 2470 Chrysippi
681 2428 853 2470 opinionem
878 2429 916 2459 de
940 2430 1003 2460 fato
1026 2442 1072 2461 re-

243 2472 334 2508 futat,
351 2470 516 2512 multisque
531 2471 718 2511 argumentis
736 2471 877 2508 ostendit,
894 2472 967 2502 nihil
989 2472 1071 2503 aliud

243 2526 306 2546 esse
328 2514 425 2544 fatum
447 2513 494 2543 vel
518 2513 618 2550 fatale,
635 2525 726 2555 quam
747 2514 829 2555 quod
854 2522 962 2545 natura
983 2516 1026 2552 fit,
1044 2524 1073 2546 et

242 2556 385 2593 ostendit,
410 2564 521 2598 prxeter
547 2564 686 2586 naturam
711 2556 801 2586 etiam
828 2557 891 2586 fieri
918 2558 1073 2595 nonnulla,

244 2611 340 2642 quum
371 2599 524 2629 interdum
553 2599 669 2629 accidat
698 2599 915 2640 impedimento
941 2601 1073 2642 quodam

244 2652 384 2674 naturam
406 2642 544 2673 detineri.
589 2644 692 2679 Quum
713 2653 786 2682 ergo
806 2650 915 2683 praeter
936 2651 1073 2674 naturam

244 2685 385 2728 quaedam
410 2686 494 2723 fiant,
514 2685 660 2727 profecto,
683 2685 704 2714 si
729 2693 837 2715 natura
860 2685 921 2715 fieri
945 2694 990 2717 est
1012 2687 1075 2717 fato

1873 149 1949 188 407

1115 233 1191 270 fieri,
1208 233 1282 263 fient
1297 233 1386 263 etiarn
1406 240 1518 274 praeter
1533 233 1643 270 fatum,
1659 240 1751 274 atque
1766 234 1807 264 ita
1823 235 1945 266 subdit:

1115 275 1262 306 Videmus
1287 287 1415 317 corpora
1443 275 1578 305 humana
1607 275 1854 316 aegrotationibus
1883 278 1948 308 aliis

1114 317 1198 348 aliud
1227 318 1395 349 secundum
1428 317 1641 360 particularem
1673 329 1776 348 eorum
1808 326 1946 350 naturam

1114 372 1177 391 esse
1207 361 1354 403 subjecta.
1406 361 1524 391 Scimus
1553 360 1626 402 quin
1657 360 1747 390 etiam
1778 362 1945 392 naturalem

1113 404 1261 445 ejusmodi
1278 415 1440 446 corporum
1463 403 1672 434 habitudinem
1689 403 1825 444 diligenti
1842 415 1946 435 norma

1114 447 1247 483 vivendi,
1263 455 1293 478 et
1315 447 1502 478 medicorum
1525 454 1600 483 arte,
1617 454 1646 477 et
1667 447 1805 476 Deorum
1823 447 1946 477 consilio

1114 490 1144 520 in
1171 490 1278 521 melius
1302 491 1396 521 verti:
1429 490 1512 532 quod
1539 489 1675 520 similiter
1698 489 1799 519 animo
1823 501 1946 531 quoque

1114 533 1244 564 accidit:
1284 545 1353 564 nam
1384 540 1495 575 praeter
1525 532 1693 563 naturalem
1723 532 1945 562 inclinationem

1114 577 1190 618 ejus,
1207 588 1298 619 quan]
1315 576 1523 619 complexione
1538 575 1672 618 corporis
1687 575 1789 612 habet,
1806 575 1948 605 exercitio

1113 627 1206 662 atque
1232 620 1371 651 doctrina
1399 631 1478 661 sirpe
1504 620 1538 650 fit
1566 618 1678 649 melior.
1730 618 1823 649 Unde
1849 629 1946 660 quum

1114 663 1358 705 physiognomon
1376 664 1520 705 Zopyrus
1542 662 1643 704 turpia
1665 663 1807 703 quaedam
1830 661 1868 691 de
1893 662 1947 691 So-

1115 713 1196 736 crate
1211 714 1241 737 et
1256 718 1274 736 a
1289 706 1401 737 virtute
1417 706 1511 748 ipsius
1525 705 1622 735 aliena
1637 705 1771 741 dixisset,
1788 712 1818 735 et
1833 716 1850 734 a
1866 704 1947 734 mul-

1117 749 1154 780 tis
1170 749 1281 780 idcireo
1295 749 1499 780 derideretur:
1524 748 1681 790 respondit
1698 749 1850 778 Socrates:
1877 748 1948 777 Non

1116 800 1196 823 errat
1220 794 1372 834 Zopyrus.
1419 792 1506 822 Talis
1529 791 1608 822 enim
1632 799 1741 822 natura
1763 791 1869 827 forem,
1893 790 1949 820 nisi

1117 844 1257 866 naturam
1274 835 1466 877 philosophia
1483 834 1711 877 superavissem.
1759 833 1949 876 Hujusmodi

1117 890 1190 919 ergo
1206 886 1276 909 sunt
1293 878 1344 909 illa
1358 879 1471 920 quibus
1486 886 1596 909 natura
1618 885 1743 920 proecst:
1768 889 1838 919 quae,
1861 885 1949 907 natu-

1117 922 1191 952 ralia
1213 921 1287 952 nihil
1308 934 1325 952 a
1340 922 1483 952 fatalibus
1505 921 1660 952 differunt.
1696 922 1723 951 A
1739 921 1863 950 fortuna
1878 931 1950 949 vero

1117 976 1152 995 ea
1167 966 1256 1002 fiunt,
1272 977 1342 1007 qum
1357 965 1441 995 nullo
1457 964 1547 995 modo
1562 964 1774 994 intenduntur.
1818 962 1949 1000 Quando

1117 1008 1241 1039 alterius
1266 1008 1363 1049 gratia
1391 1008 1533 1050 qua-dam
1559 1008 1649 1044 fiunt,
1673 1014 1700 1037 et
1727 1006 1810 1037 aliud
1840 1005 1949 1037 accidit

1117 1051 1200 1092 quod
1218 1051 1256 1081 ab
1272 1051 1357 1081 initio
1373 1063 1428 1081 nec
1444 1051 1623 1093 sperabatur
1638 1050 1774 1092 quidem:
1793 1057 1828 1080 ut
1842 1049 1865 1079 si
1881 1049 1950 1091 quis

1117 1106 1225 1136 agrum
1242 1094 1370 1130 fodiens,
1388 1095 1563 1125 thesaurum
1581 1093 1721 1135 reperiat,
1738 1104 1833 1134 quum
1857 1092 1950 1133 hujus

1117 1138 1214 1179 gratia
1230 1149 1288 1167 non
1306 1137 1434 1174 foderet,
1449 1149 1519 1179 qum
1542 1145 1621 1167 certe
1643 1148 1703 1166 non
1724 1143 1859 1177 aguntur
1874 1136 1948 1165 fato.

1120 1183 1199 1212 Sunt
1220 1189 1322 1211 autem
1345 1193 1444 1211 causae
1467 1180 1608 1222 quaedam
1632 1179 1805 1210 hominibus
1828 1189 1951 1221 prorsus

1117 1223 1241 1265 ignotam
1287 1223 1443 1254 Nonnulla
1466 1223 1544 1254 enim
1569 1234 1715 1264 suspensa
1734 1222 1811 1253 collo
1830 1221 1951 1252 morbos

1118 1267 1265 1308 quosdam
1283 1279 1389 1297 curare
1408 1267 1564 1303 dicuntur,
1580 1266 1609 1296 in
1625 1266 1738 1307 quibus
1759 1265 1872 1295 nullam
1890 1276 1951 1295 cer-

1120 1317 1180 1340 tam
1198 1310 1343 1340 habemus
1359 1321 1492 1340 causam.
1530 1309 1767 1339 Excantationes
1783 1309 1872 1338 etiam
1890 1319 1952 1338 ma-

1119 1352 1274 1394 leficaeque
1297 1360 1376 1384 artes
1391 1364 1482 1395 quam
1499 1364 1619 1383 causam
1643 1352 1785 1388 habeant,
1802 1351 1951 1381 incertum

1120 1403 1175 1426 est.
1224 1396 1283 1427 Sed
1310 1404 1421 1438 praeter
1446 1396 1511 1426 haec
1537 1394 1683 1425 nonnulla
1708 1402 1789 1431 sunt,
1816 1405 1886 1436 quae
1912 1394 1951 1424 ad

1121 1439 1299 1470 utrumlibet
1324 1438 1530 1480 contingentia
1559 1438 1765 1474 immittantur,
1793 1449 1863 1479 qua
1889 1437 1951 1467 fato

1120 1482 1183 1512 fieri
1199 1483 1322 1513 omnino
1337 1494 1493 1524 negamus,
1512 1489 1543 1512 ut
1568 1493 1689 1511 movere
1711 1481 1831 1522 pedem,
1853 1480 1951 1510 levare

1120 1525 1290 1567 supercilia,
1318 1533 1425 1561 tacere,
1454 1525 1548 1566 loqui,
1576 1532 1746 1565 czeteraque
1774 1522 1950 1564 hujusmodi

1119 1580 1243 1610 prorsus
1258 1568 1500 1605 innumerabilia,
1513 1579 1584 1609 quae
1597 1567 1659 1597 fieri
1676 1566 1745 1597 fatis
1761 1566 1843 1596 nullo
1860 1565 1951 1596 modo

1119 1611 1177 1641 dici
1203 1621 1342 1653 possunt.
1387 1611 1476 1649 Quod
1503 1611 1581 1641 enim
1606 1610 1696 1640 fatale
1722 1617 1776 1646 est,
1801 1609 1951 1649 suscipere

1119 1655 1301 1685 contrarium
1319 1655 1433 1696 nequit.
1481 1655 1633 1685 Praeterea
1648 1652 1805 1684 consilium
1822 1651 1952 1682 hominis

1119 1697 1242 1728 omnino
1268 1710 1379 1728 vanum
1407 1710 1469 1728 esse
1499 1708 1559 1727 non
1586 1696 1686 1727 debet.
1731 1697 1821 1726 Esset
1848 1702 1950 1725 autem

1119 1741 1244 1778 frustra,
1262 1741 1284 1771 si
1300 1753 1494 1783 quaecunque
1516 1740 1645 1781 agimus,
1661 1738 1826 1769 necessario
1841 1738 1951 1768 facere-

1119 1795 1197 1814 mus.
1244 1784 1355 1815 Procul
1380 1784 1475 1814 dubio
1496 1791 1597 1813 autem
1624 1782 1654 1813 id
1678 1790 1788 1824 praeter
1811 1781 1952 1811 animalia

1119 1835 1228 1857 caetera
1243 1827 1334 1857 homo
1350 1827 1493 1869 possidet,
1511 1834 1545 1857 ut
1567 1837 1628 1856 non
1644 1825 1778 1856 similiter
1793 1832 1885 1866 atque
1901 1823 1951 1854 illa

1118 1870 1309 1911 phantasiam
1333 1870 1448 1911 ubique
1472 1877 1627 1911 sequatur,
1653 1868 1704 1899 sed
1731 1867 1876 1898 rationem
1900 1867 1952 1897 ha-

1119 1913 1200 1951 beat,
1217 1925 1279 1955 qua
1294 1913 1437 1944 faciunda
1460 1912 1623 1954 dijudicet:
1648 1912 1736 1953 cujus
1752 1910 1875 1952 quidem
1892 1922 1950 1940 usu

1118 1968 1188 1998 qua*
1205 1957 1233 1986 in
1248 1956 1436 1998 phantasiam
1454 1955 1627 1986 inciderunt
1643 1954 1833 1985 examinans:
1860 1953 1951 1995 siqui-

1119 2000 1187 2030 dem
1204 1999 1405 2030 examinando
1420 1999 1540 2041 prohat,
1557 1997 1724 2039 phantasiae
1744 1996 1891 2033 concedit,
1908 2003 1951 2026 at-

1118 2054 1179 2084 que
1201 2043 1239 2073 ad
1266 2043 1418 2084 agendum
1443 2041 1551 2072 deinde
1575 2048 1726 2071 movetur.
1774 2039 1824 2070 Sin
1849 2047 1950 2069 autem

1118 2085 1280 2126 improbat,
1308 2085 1359 2116 illa
1384 2085 1480 2127 rejicit
1505 2084 1709 2126 expellitque:
1738 2083 1951 2124 obtemperans

1119 2128 1236 2159 rationi.
1284 2129 1394 2170 Itaque
1416 2129 1454 2158 de
1477 2127 1523 2158 his
1546 2126 1748 2163 solummodo,
1770 2138 1840 2167 quse
1862 2137 1951 2167 agere

1120 2183 1282 2213 possumus
1297 2172 1342 2202 vel
1360 2183 1419 2201 non
1437 2183 1537 2212 agere,
1553 2170 1720 2201 deliberare
1743 2169 1891 2199 solemus:
1916 2180 1950 2198 ac

1121 2215 1143 2244 si
1166 2215 1290 2256 quando
1312 2214 1435 2245 consilio
1461 2225 1521 2244 non
1547 2221 1678 2250 maturo,
1707 2212 1759 2243 sed
1784 2211 1951 2254 cupiditate

1120 2258 1268 2300 praecipiti
1290 2257 1405 2299 aliquid
1428 2264 1647 2299 perpetremus,
1669 2263 1773 2298 postea
1796 2267 1849 2285 nos
1872 2254 1951 2296 ipsos

1118 2301 1295 2331 temeritatis
1316 2300 1470 2342 spretique
1487 2299 1600 2330 consilii
1616 2298 1741 2330 crimine
1763 2309 1948 2333 accusamus,

1118 2351 1147 2374 et
1173 2356 1277 2374 omnes
1303 2352 1414 2374 temere
1439 2343 1555 2385 aliquid
1582 2350 1705 2383 agentes
1730 2341 1948 2383 vituperamus,

1118 2387 1338 2428 hortamurque
1350 2386 1472 2417 consilio
1486 2386 1540 2423 uti,
1554 2385 1639 2427 quasi
1656 2384 1742 2415 nobis
1757 2384 1826 2414 insit
1841 2383 1950 2423 agendi

1118 2439 1257 2472 potestas.
1291 2430 1380 2467 Quod
1397 2438 1498 2460 autem
1514 2428 1627 2471 opinio,
1644 2440 1714 2470 quae
1729 2427 1768 2458 de
1783 2428 1846 2457 fato
1862 2426 1951 2456 habe-

1117 2481 1178 2509 tur,
1189 2474 1264 2504 falsa
1279 2473 1400 2515 penitus
1413 2473 1461 2511 sit,
1473 2472 1543 2502 inde
1556 2478 1651 2514 patet,
1665 2471 1748 2513 quod
1764 2470 1853 2500 etiam
1864 2469 1948 2510 opin-

1116 2515 1192 2546 ionis
1214 2516 1363 2558 ejusmodi
1378 2524 1516 2546 auctores
1539 2522 1568 2546 et
1591 2514 1712 2551 docent,
1728 2521 1756 2544 et
1773 2513 1903 2547 discunt,
1921 2518 1950 2557 et

1118 2558 1290 2597 hortantur,
1305 2566 1335 2590 et
1358 2558 1539 2590 consulunt:
1565 2557 1721 2599 increpant
1744 2556 1844 2591 etiam,
1860 2561 1947 2584 casti

1118 2610 1253 2643 gantque
1279 2614 1349 2632 suos
1375 2610 1521 2643 tanquam
1551 2600 1673 2643 propria
1700 2599 1853 2629 voluntate
1882 2607 1949 2637 pcc-

1118 2652 1235 2674 cautes:
1261 2656 1355 2686 quare
1372 2644 1416 2674 vel
1434 2643 1599 2674 secundum
1618 2643 1697 2684 ipsos
1717 2641 1800 2671 nulla
1820 2647 1863 2669 cst
1886 2639 1949 2668 lnec

1119 2686 1172 2716 fati
1190 2687 1357 2717 necessitas.
1383 2687 1523 2717 Libertas
1539 2686 1633 2727 igitur
1649 2692 1749 2715 nostra
1765 2690 1873 2712 natura
1888 2692 1950 2711 om-
