2201 2990
236 147 366 179 lxxxviii

776 145 1151 178 ANNOTATIONES
1175 145 1226 176 IN
1251 145 1447 177 PLOTINI

239 233 487 274 δειγμα-ὥσπερ
499 234 623 272 γραφῆς,
636 231 771 274 itemque
786 231 873 262 Philo
882 232 904 262 J
909 231 961 262 ud.
990 231 1082 269 Quod
1101 232 1127 258 A
1145 230 1224 262 tonis
1243 231 1275 261 in
1293 231 1420 274 Cratylo
1440 242 1471 273 p.
1489 239 1561 269 424.
1580 230 1621 261 D.
1637 241 1668 273 p.
1687 230 1745 262 88:
1770 232 1869 272 ὥσπερ
1890 233 1917 263 οἱ
1935 237 1986 269 ζω-

240 286 329 316 Deus
349 284 386 315 sit
402 283 570 325 incorrupt.
587 295 617 324 p.
635 284 706 323 278.
723 295 766 325 sq.
784 284 884 325 Mang
901 295 907 314 ε
933 284 1084 323 φαντασία

240 336 262 367 δ’
280 336 343 366 ἐστὶ
363 336 490 367 τύπωσις
511 335 543 365 ἓν
565 336 658 374 ψυχῇ.
683 334 702 365 ἃ
722 336 778 374 γὰρ
800 333 959 373 εἰσήγαγεν
976 333 1083 372 ἑκάστη

238 390 296 418 τῶν
315 386 490 425 αἰσθήσεων,
508 386 607 425 ὥσπερ
623 386 775 417 δακτύλιός
789 398 831 417 τις
845 384 862 423 ἢ
879 385 1017 424 σφραγὶς,
1035 385 1081 414 ε’ν-

239 438 407 477 απομάξατο
423 437 474 468 τὸν
490 438 597 468 οἰκεῖον
611 438 788 477 χαρακτῆρα.
829 437 913 477 Κηρῷ
932 436 962 465 δὲ
984 436 1084 466 ἐοικὼς

239 491 254 520 ὁ
279 492 345 522 νοῦς
367 489 399 520 τὸ
423 490 578 528 ἐκμαγεῖον
601 487 757 525 δεξάμενος
779 487 872 525 ἄκρως
894 485 959 525 παρ’
980 487 1083 515 ἑαυτοῦ

238 540 389 580 φυλάττει,
405 539 507 579 μέχρις
522 539 558 569 ἂν
573 538 625 569 τὸν
639 539 731 568 τύπον
746 537 882 567 λεάνασα
896 537 972 574 λήθη
993 537 1010 574 ἡ
1030 537 1080 566 ἆν-

1144 281 1254 322 γράφοι
1267 283 1448 321 βουλόμενοι
1468 283 1632 322 ἀφομοιοῦν
1647 295 1670 312 κ.
1681 295 1705 312 τ.
1716 286 1744 312 λ.
1769 282 1819 313 cui
1840 282 1908 314 loco
1929 283 1983 314 ad-

1142 331 1296 363 hibendus
1318 333 1494 364 Schneider.
1511 332 1551 363 ad
1568 332 1778 375 Theophrast.
1794 333 1833 365 de
1851 334 1984 377 Lapidd.

1167 406 1173 413 .
1258 407 1265 414 .
1298 384 1354 415 Cr.

1141 394 1162 424 p
1177 391 1296 476 fiii7x9lix.
1304 435 1332 465 h.
1346 436 1444 466 εἰκόνα
1454 435 1541 465 αὐτοῦ
1550 434 1718 473 γενέσθαιὴ
1732 435 1836 475 εὐφυΐα
1847 438 1898 466 τοῦ
1908 439 1984 476 Καρ-

1141 485 1237 524 τερίου
1252 485 1633 527 παρέσχεν-ὁμοιοτάτην]
1659 486 1855 516 Contrarium
1871 487 1986 518 dicitur

1142 537 1163 566 J
1167 537 1257 567 oanni
1274 537 1449 580 Philopono
1464 537 1494 568 in
1512 536 1672 567 Aristotel.
1686 537 1736 567 De
1749 537 1894 570 Generat.
1911 539 1982 569 IV.:

237 593 359 624 τίπαλος
383 590 494 630 μνήμης
518 588 535 627 ἢ
562 589 689 627 ἀμυδρὸν
719 587 876 627 ἐργάσεται
906 587 1081 626 (ἐργάσηται
1098 591 1122 618 Β
1142 588 1169 617 οἱ
1183 588 1331 627 ζωγράφοι
1344 588 1584 629 ἀποτυγχάνουσι
1595 588 1721 627 περὶτῆς
1732 591 1789 618 τῶν
1799 589 1985 628 μιμουμένων

236 642 306 673 libri
322 653 392 672 mSS.
409 647 439 671 et
455 640 528 670 editi
545 651 594 681 ap.
611 638 711 669 Pfeiff.
730 639 778 669 II.
796 649 823 679 p.
838 639 927 678 406.)
945 637 962 675 ἢ
976 650 1081 668 παντε-

237 697 295 726 λῶς
317 693 456 732 ἀφανίσῃ.
498 691 541 727 (Ε
567 689 675 720 Stoicis
698 688 799 719 hausit
824 688 899 725 haec,
925 696 959 719 ut
983 687 1081 718 multa

236 744 305 782 alia,
324 743 423 774 Philo.
456 742 505 772 Cf.
525 742 656 782 Baguet.
678 740 709 770 in
731 739 909 782 Chrysippo
932 751 962 781 p.
981 740 1033 771 61.
1050 747 1080 771 et

235 807 267 838 p.
284 796 369 835 182.)
396 792 555 824 Plutarch.
574 791 780 834 Symposiacc.
796 791 895 821 VIII.
913 802 942 832 p.
959 792 1029 832 736.
1042 791 1078 821 B.

234 859 266 889 p.
285 855 374 887 1035.
388 846 507 886 u'j*tt.:
532 844 617 874 οὐδὲν
633 843 684 873 οὖν
699 841 816 881 τρανὸν,
834 843 918 872 οὐδὲν
938 844 1080 882 ἔναρθρον

1015 895 1078 933 (De

234 899 300 929 οὐδὲ
325 899 453 934 εὔσημον
474 896 506 925 ἐν
525 897 588 926 ταῖς
606 894 783 933 φαντασίαις
805 893 972 923 ἀποδίδωσι.

234 949 341 989 τρανὸν
353 947 417 978 dixi
432 946 471 977 ad
486 945 601 976 Plotin.
618 956 647 986 p.
658 946 733 984 487.
747 946 803 984 Ax)
836 945 911 975 Huc
924 945 1077 987 pertinent
1096 951 1118 978 C
1140 944 1246 975 misch.
1274 944 1313 975 ad
1343 945 1513 975 Herodian.
1543 946 1599 976 IV.
1622 953 1650 984 7.
1671 955 1698 977 2.

234 1000 395 1040 φαντασίαι
409 997 590 1037 μορφωτικαὶ
606 995 707 1026 Procli
724 995 754 1025 in
772 995 877 1026 Alcib.
895 1007 942 1038 pr.
958 1007 989 1038 p.
1004 1005 1075 1037 245.

233 1051 281 1082 ed.
293 1057 388 1081 nostr.
401 1057 430 1079 et
443 1047 659 1090 Olympiodori
676 1047 741 1077 haec
755 1047 785 1077 in
801 1046 902 1077 Alcib.
917 1059 963 1089 pr.
978 1059 1008 1089 p.
1020 1057 1075 1088 51:

232 1103 248 1140 ἡ
261 1101 412 1141 φαντασία
427 1098 533 1131 τύπους
549 1098 779 1129 ἀναπλάττουσα
794 1098 918 1137 πάρεστι
933 1100 966 1137 τῇ
982 1101 1077 1139 ψυχῇ.

232 1153 371 1183 Rursum
386 1150 477 1182 Philo
490 1151 539 1181 De
551 1149 677 1180 Mundo
687 1149 815 1179 V01.11.
829 1149 937 1191 p.602.
951 1150 1076 1191 Mang.:

233 1204 278 1234 καὶ
293 1203 326 1233 οὐ
342 1203 484 1242 πρότερον
500 1202 607 1239 ἀνῆκεν
622 1200 638 1239 ἢ
653 1200 828 1240 τρανοτέρας
843 1204 952 1239 λαβεῖν
963 1206 1076 1241 φαντα-

231 1256 305 1287 σίας.
352 1253 436 1291 Quid
459 1252 497 1283 sit
517 1253 686 1292 φαντασίαν
707 1255 817 1290 λαβεῖν
837 1251 926 1283 docet
943 1252 1074 1283 Dorvill.

1140 637 1186 668 ὑπ’
1204 639 1298 669 αὐτῶν
1314 640 1478 679 ἐμφερείας.
1518 640 1568 669 De
1591 638 1705 680 εὐφυΐᾳ,
1722 639 1836 681 ingenii
1852 640 1984 671 dexteri-

1141 695 1203 720 tate
1218 697 1249 720 et
1263 689 1301 720 de
1318 701 1389 720 voce
1405 690 1512 730 εὐφυὴς
1527 690 1565 720 de
1581 690 1679 732 poetis
1692 689 1867 729 (Plutarchi
1882 691 1983 722 Morr.

1142 740 1170 770 Ι.
1187 751 1218 782 p.
1228 751 1282 782 54.
1300 752 1332 782 p.
1346 749 1417 780 207.
1430 742 1549 783 Wytt.)
1567 741 1696 783 aliisque
1711 741 1879 772 artificibus
1896 754 1984 774 usur-

1140 791 1206 833 pari
1229 791 1328 828 solita,
1344 802 1406 822 non
1421 798 1477 829 est,
1493 791 1576 833 quod
1594 792 1732 823 dicamus
1748 800 1817 834 post
1837 793 1982 825 Holsten.

1139 841 1178 872 ad
1196 842 1348 884 Porphyr.
1367 842 1405 873 de
1421 842 1483 873 Vit.
1504 843 1639 885 Pythag.
1656 844 1685 874 I.
1700 855 1730 886 p.
1743 854 1774 885 3.
1791 856 1834 886 sq.
1854 845 1983 876 Kuster.

1140 893 1302 935 Heynium
1325 893 1364 924 ad
1388 894 1524 936 Epictet.
1549 894 1678 925 Enehir.
1694 905 1746 934 41.
1772 906 1804 937 p.
1825 896 1893 926 161.
1931 896 1982 926 Ir-

1744 946 1853 976 Unum
1881 946 1982 978 locum

1137 995 1304 1037 attingam:
1323 995 1484 1027 Iamblich.
1499 997 1656 1038 Protrept.
1670 997 1757 1027 XII.
1768 998 1859 1038 p.68.
1871 1009 1902 1039 p.
1913 999 1981 1030 162.

1140 1045 1265 1076 Kicssl.:
1292 1047 1338 1077 καὶ
1359 1048 1446 1085 μόλις
1468 1047 1638 1078 αἰσθάνοιτο
1664 1048 1759 1087 (Cod.
1780 1049 1911 1080 Memm.
1937 1051 1981 1081 αἰ-

1139 1096 1307 1127 σθάνοιντο.
1340 1100 1433 1137 recte)
1462 1100 1509 1129 διὰ
1530 1099 1583 1136 τὴν
1610 1098 1733 1138 εὐφυΐαν
1761 1100 1807 1130 καὶ
1830 1100 1882 1138 τὴν
1903 1103 1983 1141 παρὰ

1138 1148 1231 1186 φύσιν
1246 1148 1330 1186 ζωήν.
1356 1148 1521 1191 Kiessling.
1532 1149 1600 1180 vult
1612 1149 1671 1191 legi
1684 1150 1839 1189 δυσφυΐαν.
1864 1152 1983 1184 Lenius

1138 1198 1215 1229 foret
1233 1199 1360 1235 ἁφυΐαυι
1384 1199 1436 1230 sed
1453 1211 1558 1230 omnes
1573 1200 1641 1231 libri
1658 1201 1717 1231 mei
1732 1201 1762 1231 in
1776 1202 1903 1244 vulgata
1914 1214 1982 1245 per-

1138 1258 1288 1288 severant,
1305 1259 1336 1281 et
1358 1251 1387 1282 J.
1405 1253 1447 1282 A.
1469 1251 1642 1290 Fabricius,
1659 1252 1748 1294 cujus
1771 1253 1984 1286 annotationes

229 1306 268 1336 ad
294 1305 455 1336 Chariton.
481 1304 549 1334 III.
567 1314 596 1344 9.
621 1315 652 1345 p.
668 1304 741 1340 408.
766 1303 852 1346 Lips.
893 1304 1076 1335 scholiastes
1094 1312 1119 1338 D
1138 1301 1167 1332 in
1188 1313 1259 1332 eum
1279 1302 1391 1333 librum
1414 1314 1534 1334 mecum
1558 1303 1797 1334 communicavit
1811 1305 1880 1335 Jac.
1899 1305 1981 1336 Gee-

230 1355 366 1388 Platonis
385 1355 424 1386 ad
442 1356 541 1396 Gorg.
560 1366 587 1397 p.
611 1365 680 1386 120.
698 1355 846 1386 Ruhnlxu:
873 1357 909 1388 ὡς
924 1356 1074 1395 σαφέστε-

228 1409 281 1447 ρόν
299 1420 330 1438 τε
351 1407 397 1438 καὶ
417 1407 658 1445 πληκτικώτερον.
691 1406 738 1436 Cf.
755 1407 917 1449 VVyttenb.
935 1406 975 1437 ad
993 1407 1074 1438 Plut.

230 1459 378 1501 Przecept.
405 1458 500 1489 Sanit.
525 1469 557 1499 p.
575 1460 645 1497 847.
667 1465 697 1488 et
721 1458 849 1488 Barker.
871 1459 909 1489 ad
934 1458 1074 1501 Etymol.

229 1511 278 1540 JM.
304 1521 335 1551 p.
354 1510 425 1539 886.
463 1508 549 1538 Add.
571 1508 672 1538 I‘rocl.
695 1508 724 1539 in
750 1509 854 1541 Alcib.
878 1521 924 1552 pr.
950 1522 982 1552 p.
1002 1511 1073 1550 289.

227 1561 275 1591 ed.
294 1568 403 1591 nostr.:
428 1559 494 1592 τοὺς
516 1559 765 1599 πληκτικωτέρους
788 1563 845 1591 τῶν
867 1561 1002 1602 ἐλέγχωη
1024 1561 1074 1592 cui

227 1611 393 1654 respondet
412 1612 448 1641 τὰ
467 1612 622 1650 πικρότερα
643 1613 700 1641 τῶν
719 1612 865 1650 ῥημάτων.
904 1613 983 1649 Quae
1002 1624 1074 1643 vero

1137 1352 1195 1383 lius
1212 1354 1250 1384 V.
1268 1353 1328 1391 CL,
1349 1354 1528 1385 intentatam
1550 1354 1684 1396 reliquit.
1731 1355 1928 1386 Contrarium
1949 1355 1981 1388 in

1136 1404 1304 1447 pictoribus
1319 1413 1364 1436 est
1385 1406 1402 1444 ἡ
1419 1406 1568 1437 ἀσθένεια.
1608 1405 1768 1437 Plutarch.
1785 1407 1824 1437 de
1841 1407 1980 1440 Discern.

1135 1456 1218 1486 adul.
1240 1456 1279 1487 ab
1301 1457 1399 1488 amico
1421 1469 1451 1499 p.
1467 1467 1517 1499 53.
1535 1458 1579 1488 1).
1596 1469 1628 1499 p.
1647 1467 1717 1498 203.
1737 1458 1855 1500 WVytts
1881 1460 1982 1499 ὥσπερ

1135 1509 1163 1538 οἱ
1183 1511 1294 1547 φαῦλοι
1313 1509 1462 1548 ζωγράφοι
1482 1512 1539 1539 τῶν
1559 1512 1656 1539 καλῶν
1678 1510 1862 1548 ἐφικνεῖσθαι
1876 1510 1915 1548 μὴ
1931 1513 1978 1541 δυ-

1136 1558 1256 1597 νάμενοι
1283 1559 1316 1590 δι’
1345 1560 1512 1595 ἀσθένειαν,
1541 1561 1574 1590 ἐν
1599 1561 1695 1599 ῥυτίσι
1725 1560 1771 1590 καὶ
1800 1564 1904 1599 φακοῖς
1934 1562 1981 1592 καὶ

1135 1609 1236 1642 οὐλαῖς
1263 1612 1314 1642 τὲις
1343 1611 1514 1648 ὁμοιότητας
1540 1611 1751 1650 ἀναφέρουσιν.
1799 1611 1978 1643 Istiusmodi

228 1663 347 1695 Graecis
371 1663 544 1702 φαντασίαι,
569 1674 604 1692 ea
629 1662 749 1692 Latinis
776 1664 856 1701 visa,
881 1675 933 1694 seu
959 1663 1074 1705 species
1091 1666 1115 1693 Ε
1135 1660 1304 1702 pictoribus
1338 1672 1396 1691 non
1432 1662 1650 1703 aggregandus
1679 1662 1847 1699 Cartcrius,
1879 1674 1980 1705 neque

226 1726 330 1747 rerum
353 1715 383 1745 in
407 1714 510 1745 animo
532 1713 706 1744 informatae
732 1714 868 1753 (Ernesti
894 1714 942 1745 Cl.
960 1714 1025 1745 Cic.
1042 1715 1072 1745 in

226 1767 412 1806 φαντασία);
449 1764 532 1796 unde
561 1764 728 1795 Ficiniauae
756 1765 886 1796 versioni
913 1766 1074 1797 conunode

226 1817 414 1849 substituas:
442 1821 476 1847 ut
503 1817 571 1847 visa
598 1816 791 1847 evidentiora
818 1819 862 1855 (et
888 1817 1072 1858 efficaciora)

226 1871 260 1900 in
282 1871 388 1900 animo
410 1868 595 1910 conciperet.
643 1869 722 1898 Mox
746 1867 784 1898 de
809 1868 983 1906 ἰνδάλματος
1008 1868 1071 1899 vid.

228 1920 359 1951 Ruhnk.
375 1920 413 1951 ad
432 1920 515 1950 Tim.
534 1920 611 1950 Lex.
630 1919 710 1950 Plat.
733 1931 763 1961 p.
783 1929 847 1961 ¹50·
882 1920 995 1950 l‘lotin.
1015 1921 1071 1950 IV.

227 1973 257 2002 6.
277 1982 303 2003 Ι.
328 1971 490 2010 ἰνδάλματα
511 1970 674 2010 ὁραμάτων.
707 1971 764 2001 VI.
784 1973 811 2001 δ’.
833 1972 878 2002 18.
898 1972 1073 2010 ἰνδάλματος

227 2023 392 2063 ἀρχέτυπον
413 2031 443 2053 et
463 2034 544 2065 saepe
567 2022 649 2052 alibi.

227 2074 342 2116 pictore
359 2074 449 2105 Plato
471 2081 600 2116 usurpat
617 2073 749 2110 εἰκάζειν.
775 2073 911 2115 Republ.
931 2074 979 2104 II.
997 2082 1071 2114 377.

226 2137 257 2167 p.
277 2135 325 2166 95.
351 2125 448 2156 Bet-k.
487 2126 525 2156 cf.
553 2125 591 2156 ad
618 2136 689 2156 eum
718 2125 817 2156 locum
847 2127 918 2155 Ast.
944 2136 976 2166 p.
995 2126 1069 2163 428.

228 2177 307 2206 Blox
340 2178 386 2207 καὶ
412 2179 651 2216 συνδιορθοῦντος
677 2177 717 2208 εἷς
745 2177 901 2214 ὁμοιότητα
927 2176 959 2206 τὸ
990 2178 1072 2216 ἴχνος

226 2227 367 2265 Ἀμελίου
383 2227 402 2257 i.
415 2240 442 2258 e.
462 2229 599 2258 vis-orum
624 2228 770 2269 vestigia.
813 2226 949 2256 Verbum
974 2227 1072 2257 rarius

228 2281 428 2317 συνδιορθοῦι·,
462 2278 646 2320 Hippocrat.
670 2278 708 2308 de
733 2278 852 2308 Fractis
869 2279 927 2308 VI.
952 2290 980 2320 p.
1000 2287 1069 2319 753.

227 2329 266 2360 de
282 2328 427 2359 membris
442 2328 574 2370 ligatura
589 2328 808 2370 componendis
823 2336 852 2359 et
870 2329 1071 2359 reformandis

1136 1723 1207 1742 vero
1232 1712 1301 1750 illis,
1325 1712 1378 1754 qui
1406 1714 1565 1751 βελτίονας
1590 1713 1607 1751 ἢ
1638 1713 1699 1744 καθ’
1723 1714 1795 1752 ἡμᾶς
1821 1714 1978 1756 fingebant

1134 1762 1282 1799 homines,
1299 1763 1405 1805 quales
1428 1764 1559 1806 pictores
1576 1764 1699 1795 Platoni
1722 1765 1977 1804 obversabantur,

1133 1826 1203 1845 eum
1231 1815 1386 1853 scriberet,
1411 1827 1482 1857 quae
1508 1815 1656 1857 leguntur
1679 1815 1827 1857 Reipubl.
1850 1815 1920 1847 libr.
1937 1817 1976 1848 V.

1133 1877 1163 1907 p.
1180 1875 1253 1905 472.
1275 1878 1305 1907 p.
1326 1876 1397 1907 259.
1416 1866 1527 1905 Bekk„
1545 1867 1596 1898 sed
1614 1867 1739 1909 illis-qui
1762 1868 1877 1905 ὁμοίους
1898 1870 1976 1899 εἵκα-

1133 1921 1191 1952 ζον,
1207 1925 1240 1948 ut
1257 1918 1427 1960 Dionysius
1443 1919 1492 1949 ille
1508 1918 1767 1958 ἀνθρωπογράφος,
1782 1926 1816 1948 ut
1831 1926 1876 1949 est
1891 1919 1976 1960 apud

1135 1967 1332 1999 Aristotelem
1359 1970 1446 2001 Po'et.
1473 1971 1520 2000 II.
1542 1980 1570 2001 2.
1588 1980 1618 2011 3.
1667 1969 1726 2001 Sed
1751 1969 1775 2000 si
1802 1970 1977 2001 memoriter

696 2023 775 2052 Mox
793 2023 825 2052 τὸ
847 2024 982 2061 εἴκασμα.
1022 2024 1072 2054 De
1092 2022 1114 2049 F
1134 2018 1280 2060 pingendi
1302 2020 1513 2051 difficultatem
1535 2021 1705 2063 cogitamus
1727 2028 1757 2052 ct
1780 2021 1868 2052 simul
1891 2033 1976 2052 sccu-

1132 2070 1195 2101 lum
1219 2078 1287 2113 post
1305 2072 1462 2102 Christum
1480 2084 1507 2102 n.
1526 2072 1662 2110 tertium,
1679 2084 1742 2114 quo
1760 2072 1824 2114 jam
1849 2084 1975 2104 evanes-

1131 2133 1198 2152 cere
1218 2131 1352 2165 cmperat
1369 2123 1527 2165 sculptura
1545 2123 1658 2154 nedum
1680 2135 1728 2154 ars
1743 2124 1871 2165 pictoria
1888 2125 1929 2164 (V
1932 2124 1974 2156 id.

1132 2174 1219 2204 Frid.
1241 2174 1403 2204 Thiersch.
1428 2174 1576 2216 Epochen
1600 2174 1655 2204 der
1678 2174 1841 2205 bildenden
1870 2176 1975 2208 Kunst

1132 2232 1222 2255 unter
1242 2224 1300 2255 den
1327 2225 1478 2255 Grieehen
1502 2236 1534 2267 p.
1553 2234 1622 2264 271.
1641 2238 1708 2268 sqq.
1732 2234 1762 2256 et
1785 2238 1816 2268 p.
1833 2237 1907 2268 392.
1923 2227 1971 2258 ed.

1130 2276 1253 2316 alter.):
1280 2276 1381 2306 mirari
1405 2276 1486 2306 subit
1503 2276 1636 2306 Junium
1661 2277 1690 2307 in
1716 2277 1866 2320 Catalogo
1887 2279 1974 2310 Arti-

1132 2329 1196 2358 tiee.
1218 2340 1247 2370 p.
1264 2337 1314 2367 47.
1339 2327 1379 2357 nil
1405 2327 1461 2357 nisi
1484 2327 1591 2357 exilem
1618 2328 1755 2358 notitiam
1780 2329 1846 2370 ejus
1868 2329 1911 2360 rei
1933 2342 1971 2361 ex

228 2387 366 2422 usurpat.
400 2379 468 2410 Vid.
483 2381 573 2410 Foes.
589 2379 608 2410 l.
623 2379 642 2410 l.
661 2379 851 2410 lamblichus
867 2380 906 2410 de
919 2380 989 2410 Vita
1006 2381 1069 2422 Py·
1088 2384 1115 2412 G
1133 2380 1189 2410 hoc
1205 2379 1271 2421 ipso
1286 2379 1351 2409 loco
1363 2378 1576 2420 depromsisse,
1590 2378 1740 2420 Silligium
1754 2387 1857 2410 autem
1873 2381 1903 2411 in
1916 2392 1973 2412 suo

228 2432 314 2473 thag.
336 2431 441 2461 XIX.
460 2440 510 2470 92.
534 2442 564 2472 p.
585 2440 653 2461 202.
672 2430 837 2471 Kiessling.
862 2430 1019 2461 ἐκέλευσέν
1039 2444 1071 2462 τε

227 2483 328 2522 μένειν
354 2482 442 2512 αὐτοῦ
468 2481 637 2521 (Ἀβάριὸα)
664 2482 710 2511 καὶ
734 2483 924 2520 συνδιορθοῦν
949 2482 1014 2513 τοὺς
1039 2483 1071 2512 ἐν

228 2533 435 2573 τυγχάνοντας,
454 2532 506 2562 ubi
530 2532 617 2562 aliter
631 2540 725 2574 atque
741 2539 844 2562 nostro
860 2531 925 2561 Ioco
940 2532 1068 2563 verbum

227 2584 430 2615 decurtarunt
449 2583 581 2613 librarii:
607 2594 677 2613 nam
695 2583 773 2614 Cod.
792 2582 888 2613 Paris.
905 2590 934 2613 et
952 2583 1068 2614 Leder-

227 2635 280 2666 lin.
297 2634 443 2665 exhibent
466 2636 614 2673 ὃιορθοῦνῑ
644 2634 797 2676 integrum
820 2642 979 2665 servarunt
1003 2635 1067 2666 Ciz.

229 2687 372 2717 Monacc.
391 2686 434 2716 A.
448 2686 485 2716 B.
509 2693 539 2716 et
557 2684 688 2716 vindob.
706 2685 887 2716 Admonent
912 2685 976 2716 haec
997 2686 1068 2717 Pla-

1133 2430 1283 2471 Catalogo
1311 2430 1476 2460 Artificum
1505 2430 1678 2460 Cartcrium
1707 2430 1795 2471 plane
1824 2432 1970 2464 omisisse.

1132 2482 1288 2512 Caeterum
1306 2480 1370 2511 haec
1385 2481 1519 2511 narratio
1539 2481 1714 2523 exemplum
1734 2482 1825 2512 etiam
1846 2483 1971 2515 exhibet

1131 2531 1218 2561 nobis
1234 2531 1458 2570 familiaritatis,
1471 2544 1541 2574 quae
1556 2533 1686 2564 artifices
1701 2533 1780 2564 inter
1794 2541 1887 2576 atque
1902 2535 1970 2576 phi-

1129 2582 1273 2624 losophos
1296 2583 1476 2613 Graecorum
1501 2584 1613 2626 szepius
1634 2584 1757 2621 coierat,
1775 2592 1805 2615 et
1824 2585 1970 2618 admonet

1129 2645 1184 2664 nos
1193 2633 1335 2675 colloquii
1348 2635 1501 2665 Socratem
1512 2635 1591 2665 inter
1599 2642 1692 2676 atque
1700 2635 1895 2667 Parrhasium
1907 2637 1970 2679 pic-

1129 2694 1224 2717 torem
1238 2685 1333 2716 habiti
1346 2686 1431 2728 apud
1442 2686 1589 2728 Xenoph.
1602 2687 1753 2718 Memorr.
1765 2686 1834 2718 III.
1845 2697 1892 2719 10.
1911 2688 1967 2720 Cr.
