2201 2990
289 182 365 220 332

286 265 403 307 augeri,
420 265 473 297 ubi
488 265 617 297 alterum
632 265 719 297 alteri
735 266 772 296 sit
793 277 918 308 prorsus
936 265 1118 296 imbibitum.

289 308 371 346 Quid
395 309 475 339 enim
496 309 620 346 mirum,
639 308 664 339 si
686 308 744 339 hoc
764 320 801 339 ex
824 308 876 339 illo
898 320 991 339 novas
1013 308 1122 350 accipit

287 350 460 393 qualitates,
486 363 598 382 novam
626 351 746 382 interim
776 352 911 394 accipere
937 350 1122 392 magnitudi-

288 396 380 425 nem?
403 401 496 436 atque
515 395 593 426 sicut
612 406 667 436 per
682 402 779 425 totum
802 394 911 437 accipit
931 393 1120 436 qualitatem,

288 437 331 468 ita
344 436 562 468 dimensionem
577 437 659 468 illius
673 437 795 478 penitus
807 437 1018 473 intromittere,
1028 444 1121 478 atque

288 480 359 511 inde
388 482 602 511 concrescere?
642 480 702 511 Sed
728 492 798 511 cum
822 480 952 522 qualitas
981 479 1121 521 qualitati

288 523 391 565 potius
413 523 602 560 adversetur,
619 534 711 565 quam
726 523 774 553 vel
795 523 926 564 qualitas
946 522 1121 563 quantitati,

289 565 335 596 vel
351 566 507 608 quantitas
521 566 696 608 quantitati,
713 565 820 596 merito
834 565 865 595 in
881 565 1020 595 mistione
1040 564 1122 605 prior

288 608 392 650 aliqua
405 609 537 651 qualitas
552 608 598 639 vel
615 608 722 639 transit
736 608 767 638 in
783 619 903 643 novam,
919 608 965 637 vel
980 607 1121 637 obscura-

289 659 350 689 tur,
363 651 518 694 quantitas
529 659 583 682 aut
598 651 694 693 magis
709 661 886 692 permanere
894 649 1027 680 videtur.
1052 650 1122 686 Quo

288 706 360 726 vero
371 695 505 725 exactior
514 695 548 725 fit
560 693 725 736 permistio,
736 705 772 723 eo
784 692 880 734 magis
888 692 996 722 formae
1007 692 1122 733 priores

288 738 427 779 sequenti
442 737 549 768 formae
563 736 736 767 concedunt
749 748 754 766 :
780 735 863 776 quod
876 734 1000 776 quidem
1014 742 1043 764 et
1058 742 1122 764 arte

288 780 446 822 perficitur
467 788 497 811 et
513 787 630 810 natura.
677 780 793 809 Forsan
805 789 876 807 vero
893 777 1041 807 dimensio
1056 777 1122 807 abs-

288 835 349 865 que
364 823 494 854 sectione
509 822 727 853 dimensionem
742 820 861 862 ingredi
876 827 987 861 potest,
1004 819 1081 849 sicut
1093 827 1123 849 et

288 866 420 908 qualitas
442 865 631 907 qualitatem,
651 871 680 894 et
702 863 828 893 materia
852 874 932 904 saepe
955 862 1120 892 materiam.

289 908 375 939 Nihil
399 909 477 939 enim
501 908 577 938 hanc
598 906 739 948 prohibet
762 905 884 948 penitus
906 905 1036 947 ingredi,
1053 916 1123 935 cum

289 960 396 994 suapte
412 958 520 982 natura
536 951 573 980 sit
588 950 774 990 incorporea.
821 948 885 979 Ubi
905 956 1008 978 autem
1031 948 1124 990 impe-

289 995 383 1032 ditur,
397 993 553 1035 ingressio,
568 1004 639 1026 non,
650 1004 711 1033 qua
722 992 838 1022 ratione
850 991 891 1021 ibi
906 991 1055 1021 dimensio
1067 998 1123 1027 est,

289 1037 465 1079 impeditur,
481 1036 533 1066 sed
548 1047 611 1077 qua
630 1035 763 1065 densitas
783 1034 958 1075 duritiaque
973 1034 1122 1064 resistens.

290 1081 368 1110 Haec
384 1079 463 1110 enim
475 1086 520 1109 est
533 1090 603 1120 quae
618 1078 741 1120 proprie
757 1077 851 1108 nescit
866 1077 983 1115 cedere,
995 1077 1125 1118 ideoque

288 1122 489 1153 intromittere
504 1121 551 1151 vel
574 1121 692 1162 ingredi
712 1120 814 1151 nescit.
860 1120 959 1150 Aliud
974 1132 1047 1150 vero
1061 1132 1125 1150 esse

289 1165 445 1203 duritiam,
458 1164 541 1195 aliud
558 1164 775 1194 dimensionem
791 1163 893 1194 nullus
905 1163 1036 1204 ignorat.
1062 1163 1125 1193 Im-

288 1208 385 1250 pediri
402 1216 503 1238 autem
524 1207 670 1248 ingressio
691 1207 766 1237 solet
790 1218 849 1236 uon
870 1206 967 1236 solum
988 1218 1005 1236 a
1028 1206 1125 1247 quali-

290 1259 351 1282 tate
365 1252 454 1289 dura,
464 1250 516 1281 sed
532 1248 571 1281 ab
587 1250 687 1281 hostili
699 1250 789 1280 etiam
803 1249 950 1291 qualitate
965 1262 969 1279 :
989 1249 1039 1279 ubi
1054 1260 1125 1278 vero

290 1302 399 1325 neutra
428 1295 476 1331 sit,
500 1293 638 1336 impediri
664 1304 723 1323 non
749 1293 824 1323 solet
847 1292 999 1323 introitus.
1046 1292 1124 1322 Haec

291 1349 352 1368 una
369 1349 438 1368 cum
465 1336 584 1368 Plotino
605 1336 766 1367 tentavisse
787 1336 899 1377 potius,
920 1346 1013 1376 quam
1029 1334 1126 1364 absol-

290 1381 366 1411 visse
395 1380 533 1411 sufficiat.
587 1380 667 1409 Nam
697 1387 725 1409 et
756 1379 866 1420 aliquis
897 1379 974 1408 forte
1003 1377 1125 1414 dixerit,

291 1424 416 1465 quando
433 1435 545 1465 corpus
566 1423 621 1452 hoc
642 1422 671 1452 in
695 1421 771 1452 illud
795 1433 920 1463 prorsus
942 1420 1126 1459 infunditur,

292 1468 387 1508 fitque
399 1466 518 1497 interim
534 1465 684 1503 alteratio,
695 1465 718 1495 si
732 1464 913 1505 magnitudo
928 1475 988 1494 non
1001 1471 1125 1500 creseat,

292 1510 422 1551 priorem
438 1509 575 1539 desinere
595 1507 813 1538 dimensionem
830 1519 890 1538 una
912 1518 981 1537 cum
1004 1507 1127 1548 propria

293 1553 407 1583 forma:
433 1552 507 1583 dum
525 1552 559 1582 fit
581 1558 712 1592 utraque
734 1562 822 1581 nova.
871 1552 973 1592 Ipsam
997 1561 1127 1591 namque

292 1596 509 1626 dimensionem
526 1595 556 1624 in
573 1594 662 1625 rebus
677 1606 741 1624 esse
756 1593 908 1624 distantia·
931 1604 1052 1623 causam
1067 1605 1072 1622 ε
1098 1601 1128 1623 et

294 1639 404 1670 idcirco
419 1646 571 1680 quatenus
586 1637 657 1667 duae
677 1637 818 1678 quaedam
844 1636 874 1666 in
894 1636 997 1678 aliquo
1012 1635 1128 1666 dimen-

294 1682 391 1713 siones
410 1682 556 1717 existunt,
579 1680 638 1710 illie
664 1692 727 1709 esse
750 1680 858 1709 horum
884 1679 921 1710 ad
946 1679 996 1709 illa
1016 1678 1128 1708 distan-

295 1726 366 1755 tiam
384 1724 555 1765 molemque
571 1722 721 1764 protendi.
760 1722 851 1760 Quod
863 1722 988 1763 quidem
1005 1730 1033 1752 et
1060 1721 1129 1751 Plo-

296 1769 377 1798 tinus
406 1768 453 1798 liic
484 1768 561 1797 forte
591 1766 804 1807 significaverit
833 1765 946 1801 dicens,
971 1765 1126 1794 materiam

296 1818 403 1853 suapte
426 1818 535 1841 natura
559 1821 617 1839 non
643 1820 782 1850 respuere
806 1808 987 1843 mistionem,
1005 1819 1129 1848 praser-

297 1854 350 1884 tim
365 1854 489 1895 quando
506 1864 604 1893 neque
620 1851 772 1893 propriam
790 1851 991 1892 quantitatem
1008 1851 1129 1887 habeat,

298 1909 396 1938 neque
413 1896 504 1927 ullam
522 1895 635 1935 rejiciat
652 1894 852 1935 quantitatem
868 1907 873 1924 ε
899 1903 926 1923 et
945 1893 1070 1935 quando
1086 1905 1130 1923 re-

299 1941 373 1982 petit
396 1951 506 1981 eorpus
528 1938 611 1969 aliud
630 1945 788 1979 penetrare
812 1948 865 1978 per
887 1937 982 1972 aliud,
1004 1947 1062 1966 non
1086 1936 1131 1966 di-

300 1983 466 2014 mensiones
483 1981 602 2024 repetit,
620 1980 671 2011 scd
687 1980 849 2021 qualitates
860 1987 952 2022 atque
963 1979 1129 2010 materiam.

425 168 769 208 ARGUMENT.
799 167 1028 208 MARSIL.
1059 167 1161 208 FIC.
1194 166 1256 206 IN
1287 166 1398 205 LIB.
1428 165 1524 205 VII.
1555 164 1809 205 ENNEAD.
1841 166 1896 204 ΙΙ.

1164 265 1371 295 Veruntamen
1394 274 1455 294 non
1476 263 1596 294 videtur
1618 262 1790 293 existimare
1812 262 1995 304 impossibile

1163 307 1241 338 inter
1256 318 1384 349 corpora
1399 306 1486 337 valde
1507 305 1624 348 liquida
1644 305 1862 336 dimensionem
1880 305 1995 346 absque

1163 350 1310 381 fractione
1338 356 1497 391 penetrare
1525 348 1763 380 dimensionem:
1788 348 1904 390 quippe
1926 359 1996 378 cum

1164 392 1272 424 fractio
1286 393 1365 423 inter
1381 392 1460 423 dura
1475 392 1539 422 fieri
1559 391 1662 422 soleat.
1707 391 1863 422 Concedet
1883 398 1914 421 et
1934 390 1996 420 for-

1165 447 1216 466 san
1239 435 1392 466 flammam
1414 435 1549 466 similiter
1569 442 1727 477 penetrare
1742 434 1869 471 ferrum,
1893 432 1996 464 simul-

1164 490 1225 520 que
1237 489 1361 520 prorsus
1376 489 1499 520 aequari.

1168 566 1238 595 Quid
1258 574 1360 600 corpus,
1377 566 1439 600 quid
1454 566 1624 600 corporeitas,
1640 574 1672 590 ac
1686 565 1718 591 (Ie
1732 565 1836 590 ratione
1852 563 1941 594 ideali,
1957 571 1997 588 se-

1464 604 1698 640 minalaformuhi.

1210 651 1277 680 III.
1302 652 1424 691 Corpus
1439 650 1563 691 quidem
1580 650 1717 680 naturale
1732 649 1838 680 definit
1854 649 1884 679 in
1899 649 1998 691 capite

1167 693 1265 728 tertio,
1281 692 1480 722 substantiam
1498 692 1595 722 tribus
1617 692 1856 722 dimensionibus
1870 692 1999 733 qualita-

1166 735 1309 775 tibusque
1331 735 1486 765 affectam:
1511 734 1741 776 corporeitatem
1759 746 1830 765 vero
1852 735 1999 765 rationem

1164 778 1319 818 quandam
1331 777 1509 808 effectricem
1525 777 1747 808 dimensionum
1760 784 1790 807 et
1805 777 1998 818 qualitatum.

1167 820 1329 850 Rationem
1346 832 1416 851 sane
1432 820 1480 851 hic
1495 820 1605 862 accipit
1618 828 1681 850 tum
1700 819 1890 850 seminariam
1901 819 1932 849 in
1948 831 1999 850 na-

1167 870 1246 900 tura,
1263 871 1327 893 tum
1346 863 1473 893 formam
1496 863 1723 894 substantialem
1740 863 1770 893 in
1786 862 1954 899 materiam,
1968 862 1999 892 in

1167 906 1255 947 cujus
1271 906 1383 936 virtute
1404 905 1542 947 specifica
1563 906 1724 936 familiares
1740 905 1848 947 speciei
1870 917 1933 936 suae
1952 905 1998 935 di-

1168 949 1336 979 mensiones
1350 948 1572 990 qualitatesque
1587 949 1781 979 continentur
1795 961 1801 979 z
1826 960 1903 990 quas
1919 948 1949 978 in
1965 960 1999 978 ea

1168 991 1313 1022 contineri
1340 991 1448 1029 voluit,
1475 991 1526 1022 ubi
1550 992 1609 1022 ait:
1635 993 1756 1033 Corpus
1782 999 1827 1022 est
1852 991 1999 1032 composi-

1170 1043 1234 1065 tum
1251 1046 1287 1065 ex
1305 1034 1430 1065 materia
1445 1042 1537 1076 atque
1553 1035 1678 1065 ratione.
1725 1034 1775 1064 Ait
1793 1034 1871 1065 inter
1889 1033 1953 1064 haec
1968 1034 1998 1063 in

1168 1078 1343 1108 definitione
1358 1077 1483 1118 quidem
1505 1077 1681 1107 substantiae
1702 1077 1848 1107 naturalis
1862 1088 1998 1118 compre-

1169 1120 1260 1151 hendi
1277 1121 1450 1151 materiam:
1477 1120 1506 1150 in
1523 1120 1697 1150 definitione
1709 1131 1780 1150 vcro
1796 1119 2000 1150 substantialis

1168 1164 1274 1193 forma>
1298 1163 1454 1193 materiam
1478 1174 1537 1193 non
1564 1162 1688 1200 includi,
1711 1162 1855 1204 quoniam
1879 1173 1939 1193 non
1962 1174 1998 1192 ex

1168 1206 1294 1237 materia
1315 1206 1458 1248 pullulat,
1475 1206 1525 1236 sed
1542 1218 1560 1236 a
1575 1206 1691 1236 ratione
1714 1205 1897 1247 imprimitur
1912 1205 1998 1235 seini-

1169 1249 1239 1279 nali.
1286 1249 1400 1290 Tangit
1418 1257 1448 1279 et
1461 1248 1607 1290 triplicem
1619 1248 1782 1279 rationem:
1807 1259 1955 1278 summam
1972 1256 1999 1278 et

1169 1292 1294 1323 idealem
1319 1292 1349 1322 in
1374 1291 1538 1329 intellectu,
1563 1304 1633 1333 quae
1658 1291 1720 1334 ipse
1745 1299 1789 1322 cst
1812 1291 1998 1322 intellectus:

1166 1336 1254 1377 eujus
1271 1347 1369 1376 neque
1384 1346 1457 1371 esse,
1475 1346 1573 1376 neque
1593 1335 1670 1365 actio
1687 1334 1723 1365 sit
1740 1334 1770 1364 in
1782 1334 1919 1365 materia.
1951 1334 2002 1364 Se-

1167 1378 1299 1408 cundam
1312 1389 1384 1408 vcro
1399 1378 1570 1408 seminalem
1587 1378 1616 1407 in
1634 1377 1742 1408 anima*
1758 1377 1853 1419 ipsius
1875 1384 1999 1407 natura:

1170 1422 1258 1463 eujus
1285 1432 1344 1451 non
1366 1429 1426 1451 tam
1449 1432 1512 1451 esse
1534 1432 1627 1462 quam
1650 1420 1728 1450 actio
1754 1420 1784 1450 in
1806 1420 1931 1450 materia
1953 1419 2001 1450 sit.

1172 1465 1310 1495 Tertiam
1326 1464 1495 1501 formalem,
1512 1463 1540 1493 id
1558 1471 1601 1494 est
1622 1462 1850 1493 substantialem
1869 1463 2003 1505 corporis

1172 1508 1298 1537 formam
1312 1519 1317 1536 z
1343 1507 1431 1548 cujus
1446 1515 1476 1537 et
1497 1519 1559 1536 esse
1574 1514 1604 1536 et
1619 1506 1697 1537 actio
1713 1505 1802 1536 simul
1818 1513 1863 1536 est
1884 1506 1914 1536 in
1935 1517 2002 1536 ma-

1172 1550 1254 1580 teria.
1301 1551 1406 1580 Potest
1422 1558 1522 1580 tamen
1545 1548 1671 1590 intelligi
1694 1548 1922 1590 quodammodo
1937 1548 2004 1579 abs-

1170 1605 1230 1634 que
1245 1592 1441 1633 adjunctione
1457 1593 1601 1628 materia’,
1613 1592 1768 1633 quoniam,
1781 1603 1851 1622 cum
1864 1603 1924 1622 non
1934 1602 2003 1633 pro-

1170 1636 1240 1666 deat
1263 1648 1299 1666 ex
1326 1636 1461 1672 materia,
1483 1635 1533 1665 sed
1558 1647 1594 1665 ex
1618 1647 1706 1665 eausa
1731 1634 1832 1677 potius
1854 1642 2001 1676 separata,

1172 1679 1292 1709 videtur
1308 1679 1336 1708 in
1354 1679 1419 1720 ipso
1435 1678 1533 1719 primo
1551 1678 1720 1719 prodeundi
1740 1677 1839 1719 gradu
1855 1677 2001 1708 rationem

1171 1723 1199 1752 in
1224 1734 1254 1751 se
1278 1721 1409 1763 aliquam
1438 1721 1549 1751 habere
1572 1721 1739 1757 formalem,
1761 1721 1791 1750 in
1814 1732 1876 1761 qua
1898 1720 2003 1762 possit,

1173 1765 1256 1806 prius
1271 1776 1364 1806 quam
1381 1764 1512 1806 applicet
1532 1776 1562 1794 se
1579 1764 1721 1800 materiae,
1739 1763 1873 1805 eogitari.
1922 1763 2002 1793 Hine

1173 1809 1271 1838 lorsan
1295 1807 1465 1837 confirmari
1491 1815 1600 1848 potest,
1622 1807 1705 1848 quotl
1733 1806 1869 1847 plerique
1894 1806 2000 1847 dispu-

1174 1858 1249 1887 tant,
1267 1850 1432 1880 formarum
1448 1849 1655 1880 distinctiones
1676 1858 1705 1879 et
1727 1848 1841 1889 gradus
1858 1860 1894 1879 ex
1912 1857 2004 1879 mate-

1175 1894 1217 1923 ria
1240 1894 1362 1923 minime
1387 1892 1550 1934 proficisci:
1577 1892 1627 1922 sed
1647 1892 1748 1922 onmia
1772 1892 1836 1922 lure.
1858 1900 2002 1933 tanquam

1175 1936 1311 1966 formalia
1331 1936 1370 1966 ad
1386 1936 1528 1966 virtutem
1547 1935 1653 1965 forma·
1676 1934 1790 1971 reduci,
1810 1934 1885 1964 sicut
1910 1943 2002 1965 mate-

1176 1979 1261 2010 riales
1273 1979 1459 2009 conditiones
1475 1978 1512 2008 ad
1529 1978 1682 2008 materiam
1701 1977 1894 2019 rediguntur.
