2201 2990
636 124 792 155 VITAM
817 124 1043 154 AUCTORE
1068 124 1359 156 PORPHYRIO.
1382 137 1412 167 p.
1430 126 1505 157 xlix.
1521 126 1542 157 1.

1856 129 1964 161 lxxxix

259 225 290 256 p.
309 213 328 243 l.
346 212 361 243 i.
396 212 525 249 κοιλιακῇ
550 211 581 240 δὲ
608 210 686 250 νόσῳ
708 207 852 240 πολλάκις
877 209 1056 239 καταπονού-
1075 210 1101 237 Α
1120 221 1147 239 c.
1166 209 1272 240 XXI.
1292 221 1322 251 p.
1343 219 1412 241 212.
1432 210 1556 240 Kiessl.:
1585 214 1658 249 μετὰ
1680 214 1711 243 δὲ
1734 214 1785 244 τὸν
1804 217 1964 254 περίπατον

216 265 317 306 μενος]
353 262 451 294 Aliud
479 261 542 303 egit
569 261 788 296 Heumannus,
813 270 883 289 cum
911 259 941 289 in
969 259 1059 290 Actis

217 316 298 347 Phil.
315 316 355 345 T.
376 315 403 344 I.
424 324 455 355 p.
475 321 545 350 140.
565 310 743 342 Fabricium
766 309 882 340 diceret
904 321 966 340 non
989 322 1058 342 cor-

690 363 771 392 Vero
785 368 971 393 correxerat.
1008 363 1058 393 De

214 416 390 448 confusione
421 413 575 449 κοιλιακὸς,
605 413 734 448 κωλικὸς,
762 412 917 454 etiamque
944 413 1059 445 κολικός

208 468 273 511 jam
290 466 368 498 dixit
385 467 487 496 Henr.
506 465 681 506 Stephanus
700 464 731 494 in
749 464 920 495 Dictionar.
939 465 1055 496 Medic.

213 532 244 562 p.
259 520 331 560 385.
343 530 411 560 sqq.
438 516 684 547 Pseudo-Crates
699 515 789 557 epist.
804 516 871 547 III.
887 516 917 547 in
932 517 1058 548 Notices

215 366 327 397 rexisse
343 363 537 395 Ficinianum
553 362 654 392 colico.

212 578 242 602 et
257 577 335 601 extr.
354 569 401 600 ed.
420 568 558 599 Boisson.
578 569 671 598 Tom-
690 568 756 598 XI.
775 577 804 598 2.
826 578 857 609 p.
875 568 930 598 18:
956 569 984 598 οἱ
1002 569 1058 607 μὲν
1075 570 1098 598 Β

213 622 305 661 ἰατροὶ
325 622 394 660 μίαν
417 620 554 659 ἔγραψαν
574 618 723 656 κοιλιακὴν
740 618 881 654 διάθεσιν,
898 618 933 657 ἢν
950 619 1058 659 ἔλεγον

211 676 307 704 ποιεῖν
323 672 465 711 ἀπεψίαν,
484 670 537 701 ubi
552 677 613 700 est:
638 671 780 712 qjli·‹·tion
796 670 832 700 dc
847 670 1010 709 Z'estomac,
1027 679 1058 702 et

212 723 340 755 διάθεσις
362 722 593 764 indisposition,
610 722 739 752 ducente
757 722 820 752 viro
843 722 945 760 docto,
963 735 1057 765 quem

211 774 304 806 niodo
334 773 469 804 laudavi.

212 826 366 857 Plotinum
391 832 528 866 arguunt
551 825 645 855 verba
669 825 847 868 Porphyrii,
870 834 904 857 ut
925 826 1003 857 adeo
1026 827 1056 857 in

210 888 281 908 eum
305 876 394 907 cadat
414 876 578 918 descriptio
599 876 680 907 Celsi
701 877 739 907 de
762 878 911 909 Medicin.
930 879 987 909 IV.
1008 888 1056 909 12.

515 774 565 803 Eo
595 773 702 804 habitu
730 773 874 804 chronico
903 775 1057 806 laborasse

210 941 242 972 p.
260 938 330 960 220.
349 927 575 959 Almeloveen.:
602 932 622 946 “
635 929 673 959 In
695 929 791 971 ipsius
807 941 879 960 vero
895 930 1056 960 ventriculi
1076 934 1099 962 C

211 987 301 1023 porta
322 979 459 1010 consistit
484 979 508 1009 is
532 980 701 1021 (morbus),
725 982 778 1023 qui
805 986 834 1011 et
856 982 972 1023 longas
994 993 1058 1013 csse

210 1032 378 1069 consuevit,
395 1037 425 1062 et
443 1031 589 1064 κοιλιακὸς
604 1043 622 1062 a
636 1032 754 1062 Grascis
769 1032 947 1063 nominatur
959 1033 985 1063 ;”
1004 1033 1057 1064 ubi

210 1082 335 1114 consule
359 1082 556 1113 Medicorum
580 1090 719 1114 veterum
748 1084 828 1115 locos
854 1085 893 1115 ab
917 1084 1056 1115 Almelo-

211 1135 318 1166 veenio
333 1143 503 1177 congestos.
549 1135 644 1165 Adde
660 1135 743 1166 A'elii
760 1147 892 1166 sermon.
910 1136 975 1166 IX.
992 1136 1058 1175 περὶ

211 1190 269 1218 τῶν
291 1189 362 1217 κατὰ
382 1187 414 1217 τὸ
437 1188 532 1225 στόμα
550 1189 599 1225 τῆς
618 1188 730 1219 κοιλίας
750 1186 928 1225 παθημάτων
950 1200 975 1217 κ.
989 1199 1013 1216 τ.
1027 1190 1057 1216 λ.

213 1239 322 1269 Venet.
341 1238 515 1269 Mustoxid.
532 1246 563 1269 et
585 1238 707 1269 Schinae
727 1250 759 1281 p.
776 1249 801 1269 1.
821 1250 887 1280 sqq.
905 1238 958 1269 ubi
981 1250 1011 1280 p.
1026 1249 1057 1278 4.

1431 261 1568 291 Publicis
1584 269 1684 293 tamen
1702 264 1817 295 balneis
1831 267 1964 298 abstinc—

1119 310 1194 341 bant
1222 311 1407 353 Pythagorei
1435 312 1593 351 (l‘erizon.
1616 313 1655 343 ad
1680 314 1795 346 lElian.
1822 318 1877 347 IV.
1900 320 1960 358 17.)

1119 363 1171 392 Ex
1189 370 1293 393 nostro
1310 370 1410 393 tamen
1432 362 1499 393 loco
1520 374 1580 394 non
1600 364 1785 405 collegerim,
1801 368 1884 408 quod
1901 369 1961 399 col*

1118 413 1193 455 legit
1215 414 1249 444 J.
1271 415 1367 444 Conr.
1389 414 1523 445 Orellius
1547 414 1576 445 in
1601 415 1726 446 Additt.
1750 417 1789 446 ad
1812 419 1908 449 Notas
1932 420 1962 450 in

1120 464 1269 507 Symboll.
1289 465 1446 507 Pythagg.
1469 477 1501 507 p.
1520 467 1593 506 667.
1614 466 1759 498 nimirum
1783 470 1965 501 recentiores

1119 516 1333 558 Pythagoreos
1355 517 1481 547 omnino
1503 516 1630 556 balneis,
1649 530 1719 549 cum
1744 519 1875 561 publicis
1898 529 1963 552 tum

1119 263 1232 302 λουτρῷ
1247 263 1384 300 χρῆσθαι.

1118 568 1246 610 privatis
1265 568 1465 599 abstinuisse:
1490 568 1552 599 imo
1566 569 1765 601 contrarium.
1812 571 1893 601 Nam
1909 573 1963 603 etsi

1118 619 1270 651 Platonici
1293 620 1420 662 quidam
1446 620 1628 651 recentiores
1653 621 1896 663 Pythagoricum
1920 623 1964 653 vi-

1118 671 1210 702 vendi
1232 683 1330 713 genus
1346 671 1394 702 vel
1417 672 1549 702 maxime
1573 672 1679 703 sectati
1702 673 1772 710 sint,
1790 672 1847 703 hoc
1863 680 1965 705 tamen

1117 722 1219 764 ipsum
1240 722 1279 753 de
1297 722 1416 753 Plotino
1440 730 1588 764 tanquam
1612 723 1766 765 singulare
1784 724 1861 766 quid
1881 737 1965 755 com—

1118 781 1267 804 memorat
1283 774 1313 804 h.
1329 774 1347 804 l.
1362 774 1567 816 Porphyrius.
1590 774 1797 816 Ἀνατρίψεων
1813 776 1871 816 (ita
1885 777 1966 808 enim

1118 833 1236 856 veteres
1256 824 1455 867 appellabant
1478 825 1652 857 frictiones:
1681 828 1798 867 τρίψεις
1821 828 1967 860 recentio-

1118 879 1181 917 res)
1203 884 1272 919 post
1295 877 1520 919 Hippocratem
1544 877 1682 919 aliosque
1703 879 1879 921 praecipuus
1902 880 1967 911 lau-

1120 929 1209 959 dator
1228 928 1288 959 fuit
1309 928 1519 971 Asclepiades.
1559 930 1609 959 De
1626 929 1845 971 Hippocrateis
1860 931 1967 962 Ascle-

1120 980 1298 1022 piadeisque
1320 980 1498 1011 frictionum
1520 980 1650 1011 decretis
1674 981 1736 1012 vid.
1754 982 1854 1012 Fo‘esii
1872 984 1967 1014 OEco-

1119 1043 1201 1062 nom.
1217 1031 1401 1073 Hippocrat.
1419 1032 1449 1062 in
1462 1044 1528 1062 voc.
1543 1031 1698 1072 ἀυάτριψις
1709 1039 1740 1063 et
1753 1032 1967 1065 Almeloveen.

1119 1083 1159 1114 ad
1177 1083 1301 1113 Celsum
1321 1084 1369 1113 II.
1384 1093 1431 1122 14.
1449 1094 1480 1125 p.
1496 1083 1547 1123 87.
1565 1095 1632 1125 sqq.
1665 1084 1718 1114 Cr.

1162 1146 1193 1177 p.
1212 1134 1229 1164 l.
1248 1134 1273 1164 k.
1301 1137 1352 1164 τοῦ
1373 1137 1478 1173 λοιμοῦ
1494 1135 1718 1178 ἐπιβρίσαντος]
1745 1138 1765 1153 “
1779 1136 1893 1167 Gravis
1916 1136 1968 1168 illa

1120 1186 1292 1228 pestilentia
1315 1185 1508 1227 intelligitur,
1533 1197 1604 1227 quae
1628 1186 1772 1217 Gallieno
1796 1187 1967 1230 imperante

1119 1245 1257 1280 grassata
1279 1244 1324 1268 est
1345 1238 1456 1267 Romae
1480 1244 1556 1267 teste
1578 1237 1711 1275 Victore,
1729 1245 1855 1280 tamque
1878 1239 1968 1270 vehe-

211 1289 362 1320 vocabula
387 1290 527 1320 κοιλιακοὶ
550 1297 580 1320 et
607 1291 804 1330 ὃυσεντερικοὶ
825 1291 1059 1332 junguntur.—
1075 1298 1101 1325 D
1119 1296 1248 1326 menter,
1262 1288 1525 1330 quemadmodum
1543 1288 1648 1318 scribit
1662 1288 1839 1320 Trebellius
1855 1290 1966 1328 Pollio,

212 1342 292 1372 Ron
328 1343 464 1381 θηριακῖις
493 1342 659 1374 ἆντιδότους
691 1354 747 1372 cur
777 1342 1058 1373 commendaverint

210 1392 320 1423 medici
336 1393 366 1423 in
381 1400 504 1435 promtu
517 1400 573 1430 est,
586 1393 610 1423 si
625 1393 741 1433 cogitas
757 1393 823 1424 haec
836 1393 1059 1423 medicamenta

211 1457 228 1476 e
243 1445 385 1487 lacrymis
397 1445 567 1487 papaveris,
581 1444 708 1486 myrrha
723 1444 851 1486 aliisque
867 1443 1058 1486 simplicibus

210 1497 379 1539 composita
401 1508 475 1533 esse,
499 1507 570 1537 quae
595 1495 634 1526 ad
657 1495 761 1526 alvum
785 1495 951 1526 sistendam
975 1495 1057 1526 vale-

210 1555 287 1579 rent.

210 1607 363 1637 causatuS,
381 1611 411 1630 se
429 1610 484 1629 nec
505 1606 735 1629 mansuetorum
758 1599 937 1629 animalium
958 1599 1056 1630 carni-

337 1547 430 1585 Quod
456 1559 529 1578 vero
554 1547 620 1578 haec
646 1555 828 1590 aspernatur
854 1547 1058 1590 philosophus

209 1652 269 1683 bus
291 1651 382 1688 vesci,
398 1651 455 1681 hoc
478 1650 521 1681 ita
544 1650 670 1681 demum
693 1650 869 1693 expeditur,
895 1651 918 1681 si
943 1658 1055 1689 teneas,
1076 1653 1100 1680 Ε

211 1714 271 1733 non
288 1702 386 1733 solum
402 1709 572 1732 castoreum
590 1713 812 1744 nonnunquam
829 1703 971 1734 additum
994 1715 1058 1734 esse

210 1754 268 1785 illis
292 1753 491 1795 simplicibuS,
513 1761 588 1784 teste
613 1754 703 1785 Celso
721 1755 757 1785 V.
777 1765 828 1796 23.
852 1767 882 1797 p.
903 1764 975 1796 275.
993 1767 1055 1797 sq.;

211 1806 264 1837 sed
287 1805 389 1843 etiam,
406 1812 436 1835 et
458 1805 652 1847 potissimum
674 1818 692 1836 a
709 1806 841 1837 Neronis
864 1806 935 1837 inde
954 1814 1056 1845 aetate,

210 1858 369 1889 inventore
388 1857 622 1895 Andromacho,
638 1857 790 1899 ejusmodi
815 1857 949 1888 theriaca
971 1858 1056 1888 inva-

212 1909 313 1947 luisse,
330 1908 444 1951 quibus
468 1910 650 1951 viperarum
673 1920 783 1940 carnes
805 1909 1005 1947 adderentur,
1023 1918 1058 1940 ut

211 1961 365 2003 hodieque
379 1961 414 1991 fit
430 1972 485 2002 per
502 1960 636 1999 Italiam,
652 1972 687 1991 ac
702 1961 828 2003 quando
843 1961 951 2004 vipera
967 1963 1056 1993 Grae-

1120 1349 1156 1372 ut
1172 1352 1234 1371 uno
1250 1340 1299 1370 (lie
1315 1340 1455 1382 quinque
1475 1338 1569 1370 millia
1590 1339 1748 1370 hominum
1770 1341 1836 1383 pari
1860 1341 1968 1372 morbo

1119 1392 1266 1434 perirent.
1312 1391 1438 1422 Accidit
1461 1391 1519 1421 hoc
1541 1402 1622 1421 anno
1646 1391 1763 1422 Christi
1786 1394 1857 1424 262.
1889 1392 1966 1424 Gal-

1119 1443 1190 1474 lieni
1206 1455 1237 1485 9.
1254 1452 1301 1473 10.
1318 1454 1374 1473 nec
1390 1442 1445 1473 diu
1462 1448 1531 1484 post
1544 1443 1740 1485 Porphyrius
1755 1443 1793 1474 ad
1808 1443 1967 1475 Plotinum

1120 1507 1150 1526 se
1172 1494 1334 1526 contulit-’³
1358 1495 1485 1524 Fabric.

1120 1547 1219 1578 tinum
1242 1546 1347 1589 prodit
1373 1545 1485 1576 Suidas
1510 1545 1541 1575 in
1567 1548 1721 1578 Πλωτῖνος
1745 1546 1813 1576 III.
1841 1557 1870 1588 p.
1896 1556 1968 1588 134.

1121 1600 1214 1630 Kust.
1261 1597 1351 1636 Quod
1369 1609 1479 1639 parum
1501 1596 1646 1627 credibile
1667 1604 1711 1627 est
1727 1597 1757 1627 in
1774 1597 1831 1628 hoc
1847 1596 1968 1628 silentio

1121 1650 1298 1692 Porphyrii.
1345 1649 1466 1680 Locum
1497 1648 1623 1679 Firmici
1656 1648 1811 1690 integrum
1842 1648 1968 1680 exhibet

1120 1702 1242 1733 Fabric.
1270 1701 1351 1732 Bibl.
1378 1702 1435 1732 Gr.
1456 1700 1523 1731 Vol.
1542 1701 1578 1731 V.
1603 1713 1632 1742 p.
1651 1702 1724 1741 695.
1747 1700 1893 1738 Harlesii,
1917 1701 1967 1731 cui

1119 1754 1234 1784 variam
1251 1753 1412 1784 lectionem
1437 1752 1615 1794 adjecimus.
1656 1751 1749 1789 Quod
1765 1751 1879 1782 ibidem
1900 1764 1967 1794 pes-

1119 1805 1238 1836 tilentia
1249 1805 1421 1847 corrupisse
1434 1804 1593 1835 Plotinum
1607 1803 1731 1841 dicitur,
1742 1814 1803 1834 non
1817 1804 1856 1834 dc
1869 1811 1967 1834 morte

1530 1493 1608 1534 Ἱερᾷ
1631 1495 1708 1535 νόσῳ
1728 1494 1880 1526 laborasse
1897 1495 1966 1527 Plo-

1119 1857 1331 1900 accipiendum
1349 1864 1403 1887 est.
1438 1857 1492 1886 Cr.

1163 1921 1194 1951 p.
1213 1908 1234 1939 l.
1256 1907 1274 1939 ¹.
1298 1908 1351 1946 τὴν
1376 1909 1426 1938 τοῦ
1453 1907 1600 1946 κυνάγχου
1626 1907 1798 1949 ἀγριότητα]
1825 1907 1875 1936 Ita
1897 1905 1966 1937 libri

1119 1960 1215 1991 nostri
1241 1971 1356 1991 omnes.
1383 1959 1505 1989 -Nemo
1530 1970 1602 1988 vcro
1628 1965 1793 2000 propterea
1818 1959 1967 1998 κύναγχον

212 2013 254 2045 cis
281 2013 380 2052 θηρίον
402 2012 485 2042 dicta
510 2020 555 2042 est
580 2012 639 2043 κατ’
665 2013 780 2053 ἐξοχὴν,
806 2013 876 2043 hinc
902 2013 933 2044 id
959 2025 1058 2055 genus
1078 2016 1101 2043 F
1122 2013 1183 2052 (τὸ)
1206 2011 1399 2054 cogitaverit,
1416 2010 1501 2052 quod
1525 2017 1569 2040 est
1592 2021 1691 2051 genus
1712 2009 1816 2039 herbae
1839 2008 1966 2039 canibus

212 2064 425 2095 medicamenti
442 2064 613 2106 similiaque
632 2064 804 2107 appellata:
830 2065 963 2104 θηριακαὶ
978 2065 1057 2095 ἀντί-

214 2119 293 2146 δοτοι
322 2114 384 2144 sive
413 2117 546 2154 θηριακαὶ
575 2115 761 2158 simpliciter.
803 2116 871 2147 Vid.
897 2116 996 2147 Trall.
1019 2117 1056 2147 V.

215 2179 245 2208 p.
264 2174 313 2206 77.
355 2165 492 2196 Salmasii
516 2167 700 2198 Exercitatt.
725 2167 827 2199 Plinn.
852 2180 882 2210 p.
901 2170 970 2209 265.
990 2180 1056 2210 sqq.

214 2225 244 2249 ct
266 2228 298 2259 p.
315 2226 386 2257 743.
410 2223 440 2247 et
459 2218 508 2248 Jo.
531 2219 651 2250 Gorraei
676 2219 807 2250 Parisini
831 2221 1057 2251 Definitionum

215 2268 383 2300 Medicarr.
411 2267 494 2300 librr.
526 2282 557 2312 p.
583 2271 648 2302 180.
677 2271 727 2302 ed.
754 2272 900 2302 Francos.
951 2272 1058 2302 Habet

213 2320 309 2362 igitur
325 2319 440 2350 Plotini
460 2321 616 2352 excusatio
631 2321 709 2353 hanc
725 2322 797 2360 vim,
816 2330 850 2353 ut
865 2335 935 2354 eum
952 2323 1055 2354 dicen-

1119 2064 1248 2106 aliisque
1264 2061 1521 2105 quadrupedibus
1536 2061 1663 2091 noxium
1679 2059 1892 2099 (Dioscorides
1909 2061 1964 2090 IV.

1120 2116 1185 2154 81).

1119 2174 1164 2198 tes
1182 2174 1282 2197 tamen
1301 2166 1349 2196 De
1364 2165 1437 2195 locis
1452 2164 1481 2194 in
1500 2164 1637 2194 Homine
1654 2165 1733 2194 Sect.
1754 2164 1812 2194 IV.
1830 2174 1896 2205 cap.
1915 2173 1964 2204 13.

1118 2231 1150 2261 p.
1163 2228 1236 2258 419.
1255 2218 1358 2248 Foi³s.:
1385 2217 1530 2256 κύναγχος
1546 2214 1602 2246 ἀπὸ
1620 2216 1739 2253 αἵματος
1754 2215 1876 2253 γίνεται,
1894 2215 1965 2245 ὅταν

1864 2265 1965 2307 Igitur

1235 2114 1385 2145 Usitatius
1401 2125 1473 2143 vero
1493 2120 1558 2143 erat
1574 2113 1590 2150 ἡ
1608 2112 1747 2152 κυνάγχη.
1787 2111 1964 2154 Hippocra-

1119 2271 1151 2301 τὸ
1173 2271 1244 2308 αἷμα
1266 2268 1345 2308 πάγῃ
1371 2268 1403 2298 τὸ
1432 2269 1464 2297 ἐν
1488 2269 1554 2305 τῇσι
1580 2267 1679 2306 φλεψὶ
1703 2280 1725 2296 κ.
1742 2279 1767 2296 τ.
1786 2269 1816 2295 λ.

1122 2321 1228 2352 Ionica
1243 2321 1343 2350 forma
1360 2330 1434 2349 usus
1453 2325 1499 2348 est
1516 2317 1717 2359 Porphyrius,
1734 2316 1773 2347 de
1788 2328 1851 2358 qua
1866 2328 1965 2358 nuper

214 2379 275 2403 tem
292 2371 423 2412 cogites:
450 2371 531 2407 Quid
548 2384 616 2414 ego,
631 2373 685 2415 qui
701 2385 755 2405 nec
771 2375 937 2406 mansuetis
957 2375 1053 2406 carni·
1074 2378 1101 2406 G
1120 2372 1255 2403 diximus
1277 2371 1316 2402 ad
1335 2370 1487 2401 Herodot.
1508 2370 1534 2400 I.
1554 2380 1582 2409 9.
1609 2381 1638 2411 p.
1657 2370 1705 2399 28.
1723 2380 1768 2410 sq.
1792 2368 1841 2398 ed.
1860 2368 1963 2398 Baehr.

214 2424 273 2454 bus
286 2433 400 2459 vescor,
412 2421 585 2463 viperarum
599 2435 703 2455 carnes
715 2425 861 2456 devorare
873 2426 1054 2462 sustineam3

214 2483 243 2506 et
260 2476 400 2511 fortasse,
417 2473 462 2504 uti
485 2481 550 2504 erat
565 2474 662 2505 facete
680 2475 770 2506 dicax
787 2476 890 2514 homo,
908 2477 938 2507 in
956 2477 1056 2508 Plato-

214 2526 282 2557 nica
306 2525 455 2556 sententia
473 2524 583 2555 ludens
603 2537 825 2569 nonnunquam
841 2529 978 2570 reposuit
993 2540 1057 2559 me-

214 2577 308 2608 dicis:
346 2576 450 2607 Nolite
476 2578 613 2615 θηριακῖις
637 2576 712 2607 mihi
738 2577 886 2619 ingerere,
912 2579 975 2609 ἔστι
1001 2581 1058 2619 γὰρ

504 2628 583 2658 Blox
606 2630 730 2667 λουτροῦ
753 2630 783 2659 δὲ
807 2630 990 2670 ἀπεχόμενος
1013 2632 1058 2661 καὶ

571 2678 732 2709 Iamblich.
762 2678 801 2709 de
829 2679 891 2710 Vit.
920 2681 1055 2723 Pythag.

216 2630 300 2669 θηρία
323 2630 356 2659 ἐν
378 2629 457 2667 ἡμῖν.

215 2681 336 2720 τρίψεσι
365 2680 523 2719 χρώμενος.

266 2742 358 2767 VOL.
378 2742 406 2766 I.

1119 2432 1149 2455 et
1169 2431 1262 2454 nostr.
1310 2423 1359 2452 De
1380 2422 1437 2452 hoc
1459 2421 1567 2451 morbo
1587 2420 1647 2450 vid.
1666 2419 1777 2450 Galeni
1795 2420 1914 2450 Comm.
1932 2419 1962 2449 in

1119 2475 1331 2518 Aphorismm.
1350 2473 1535 2515 Hippocrat.
1554 2472 1611 2502 IV.
1637 2472 1717 2502 Sect.
1733 2481 1784 2511 34.
1808 2478 1838 2500 et
1858 2470 1897 2500 cf.
1917 2470 1962 2499 H.

1120 2527 1226 2569 Steph.
1244 2525 1328 2556 Dict.
1345 2525 1433 2555 Med.
1458 2536 1488 2566 p.
1505 2523 1688 2565 382—384.
1728 2521 1827 2552 Fo'esii
1849 2521 1960 2550 OEcon.

1119 2578 1307 2620 Hippocrat.
1331 2588 1363 2618 p.
1382 2585 1453 2606 221.
1475 2582 1504 2605 et
1527 2574 1649 2605 Grorra‘i
1670 2572 1812 2604 Definitt.
1831 2571 1961 2601 Medico.

1118 2641 1149 2671 p.
1167 2638 1237 2669 253.
1255 2640 1300 2670 sq.
1347 2627 1470 2657 Dicitur
1488 2625 1537 2656 hic
1560 2625 1685 2655 morbus
1705 2623 1794 2654 etiam
1817 2622 1960 2662 συνάγχη.

1119 2680 1191 2710 Vid.
1205 2679 1224 2710 l.
1237 2679 1256 2710 l.
1271 2678 1355 2720 quod
1371 2688 1481 2708 nomen
1497 2676 1623 2707 obvium
1639 2675 1669 2705 in
1684 2672 1813 2705 Luciani
1829 2672 1961 2703 Pseudo-

1173 2744 1208 2766 m
