2201 2990
558 155 619 194 IN
652 154 761 192 LIB.
796 153 865 191 IX.
897 149 1153 190 ENNEAD.
1184 148 1484 187 SECUNDAE.

172 265 242 287 suut
257 268 274 287 a
289 254 466 297 corporibus
481 251 626 293 expediti,
642 249 796 291 qnoniam,
812 247 866 278 etsi
889 247 918 277 in
941 246 1003 276 ani-

173 300 280 330 mabus
309 305 389 333 sunt,
417 306 476 325 non
508 302 607 324 tamen
639 300 710 322 sunt
738 292 769 321 in
799 290 1000 332 corporibus:

171 342 295 384 quando
319 339 440 382 quidem
469 348 568 378 neque
593 336 702 366 anima*
729 345 798 364 vere
824 332 1003 374 corporibus

171 386 284 421 insunt,
301 391 330 413 et
352 380 521 412 intellectus
543 377 691 421 ejusmodi
716 376 833 407 nullum
853 386 922 405 cum
938 386 1002 405 cor-

172 439 243 469 pore
267 423 478 456 commercium
501 422 624 457 habent,
645 428 673 451 et
699 428 731 450 ut
758 418 896 449 Plotinus
921 429 1001 459 saepe

170 470 337 506 confirmat,
363 477 481 508 semper
507 464 674 495 seeundum
704 470 806 493 actum
834 469 905 491 sunt
931 472 1000 490 cum

169 512 272 543 divina
294 518 393 540 mente
414 507 580 550 conjuncti.
628 506 680 536 Ab
696 505 752 535 hac
769 516 839 535 vero
855 503 1002 534 sententia

170 556 220 585 vix
236 553 393 584 dissentire
410 551 530 581 videtur
545 549 756 590 theologorum
776 547 859 589 apud
877 548 1003 578 Gra’cos

171 596 412 627 Christianorum
437 593 594 629 sententia,
615 591 730 633 angelis
753 602 880 632 corpora
904 590 1000 620 tribu-

169 652 230 671 ens.
268 638 330 670 Ubi
347 650 417 668 vero
434 636 573 667 Plotinus
588 634 727 666 concedit
742 633 866 675 quidem
882 634 910 663 in
928 634 1002 663 infe-

171 683 299 713 rioribus
327 679 529 723 multiplicare
558 677 832 720 ‹pmmphninnnm
860 676 1002 718 prohibet

169 733 270 756 autem
288 723 568 766 multiplicationem
590 722 620 751 in
644 720 852 762 superioribus
875 719 1001 749 similem

171 768 371 803 introducere,
388 765 520 807 intellige
543 764 696 807 prohiberi
717 763 1001 804 multiplicationem

170 811 241 848 illic,
254 822 324 852 qnae
340 821 393 852 per
408 808 532 839 minima
547 815 577 838 et
592 806 678 849 qnasi
694 818 883 847 supervacua
899 813 927 836 ct
943 805 1003 835 dis-

164 854 296 896 junctim
310 854 373 889 fiat,
386 851 645 894 quemadmodum
662 850 745 891 apud
763 861 816 879 nos
833 849 895 879 fieri
912 850 998 879 solet:

169 908 227 927 non
244 904 357 932 autem,
375 907 445 937 quie
461 894 506 924 vel
531 894 559 924 in
584 894 698 935 speeies
716 892 762 923 vel
783 892 813 922 in
838 892 1003 922 necessaria

168 941 230 976 fiat,
248 939 293 969 vel
311 938 483 969 summatim
500 937 661 978 colligatur
676 936 705 966 in
724 947 831 966 unum.
875 935 1003 976 Proprie

170 994 239 1013 vero
263 989 345 1012 vetat
368 980 570 1022 multiplicare
594 979 742 1021 principia
766 990 930 1019 rerumque
957 990 1005 1008 ca-

167 1025 238 1067 pita.
286 1025 376 1062 Quod
401 1032 501 1054 autem
526 1023 629 1065 plures
652 1022 822 1052 intellectus
841 1033 904 1051 esse
920 1021 1002 1057 velit,

167 1068 310 1103 ostendit,
328 1068 381 1098 ubi
397 1067 449 1104 ait,
466 1067 636 1097 intellectus
655 1077 719 1095 esse
739 1076 871 1095 summas
891 1064 1004 1094 anima-

169 1123 235 1142 rum
255 1111 446 1141 rationalium
466 1117 575 1151 partes,
592 1109 733 1150 ipsasque
753 1108 868 1138 animas
884 1107 1005 1137 differre

169 1155 248 1185 inter
263 1166 293 1184 se
309 1154 500 1195 passionibus
515 1160 544 1183 et
560 1151 687 1182 naturis.

171 1243 269 1268 Anima
287 1242 377 1268 ”tundi
392 1241 489 1275 alligat
503 1240 551 1266 sibi
567 1249 660 1275 corpus
674 1248 759 1269 suzim,
772 1242 797 1264 et
810 1248 859 1273 per
869 1238 916 1265 hoc
931 1239 1006 1273 quast

210 1283 279 1308 alias
293 1283 405 1308 annuas.
450 1281 524 1311 Item,
540 1281 668 1315 quomodo
683 1280 764 1306 etiam
783 1280 874 1305 anima
893 1280 1004 1314 propria

210 1323 253 1349 det
269 1323 373 1357 corpori
387 1322 477 1348 vitam.

213 1370 290 1399 VII.
316 1368 476 1410 Reprobat
491 1368 612 1404 iterum,
630 1366 713 1408 quod
729 1366 860 1397 animam
877 1365 1004 1407 genitri-

169 1423 232 1443 cem
261 1411 367 1442 mundi
393 1411 494 1441 dicant
520 1410 629 1440 animze
655 1417 765 1439 nostrae
790 1421 872 1439 more
895 1409 923 1438 in
949 1409 1004 1439 hac

170 1455 284 1485 fabrica
300 1454 447 1489 laborare,
461 1459 490 1484 et
505 1454 544 1483 ab
556 1453 622 1495 ipso
633 1452 896 1493 contemplationis
909 1452 1007 1482 officio

169 1497 305 1528 distrahi.
330 1497 384 1527 Ait
401 1497 493 1527 enim:
512 1498 592 1527 Cum
610 1503 674 1526 tota
688 1495 829 1525 machina
845 1495 881 1525 sit
897 1494 1006 1525 animae

171 1540 334 1570 mundanae
357 1540 504 1581 subjecta,
521 1539 595 1569 nihil
618 1538 677 1569 illic
701 1538 848 1575 resistere,
870 1538 944 1568 nihil
964 1538 1006 1568 ef-

169 1583 263 1613 fluere
287 1583 412 1624 proprii,
434 1582 508 1612 nihil
531 1582 620 1612 alieni
642 1581 833 1623 contingere:
860 1581 943 1618 item,
962 1588 1005 1611 to-

172 1634 232 1657 tam
249 1637 411 1668 corporum
428 1625 536 1655 molem
554 1625 592 1655 ab
609 1625 673 1666 ipsa
689 1624 789 1655 anima
805 1636 859 1666 per
874 1624 1005 1654 infusam

168 1670 261 1700 vitam
276 1678 340 1699 tum
356 1669 435 1699 inter
447 1681 477 1698 se
489 1668 634 1709 colligari,
647 1675 711 1698 tum
728 1667 837 1697 animae
850 1667 1004 1703 devinciri,

170 1723 356 1754 prorsusque
382 1712 520 1742 subesse:
552 1711 683 1741 animam
711 1722 783 1740 vero
809 1718 942 1740 nostram
966 1710 1005 1740 ad

170 1767 279 1796 eorpus
294 1754 446 1791 accedere,
461 1754 548 1796 quasi
560 1754 716 1795 quoddam
734 1754 881 1784 hactenus
897 1753 1004 1783 mundi

171 1798 352 1835 membrum,
369 1804 462 1839 atque
480 1798 544 1839 jam
568 1797 639 1827 inde
657 1796 886 1838 quodammodo
902 1796 1005 1827 vivens

172 1840 200 1870 in
224 1841 339 1882 gremio
366 1841 458 1871 totius
481 1840 601 1877 animae,
630 1840 670 1870 sic
690 1839 733 1870 illi
756 1840 851 1870 ferme
873 1851 1005 1870 connex-

173 1895 235 1920 um,
255 1883 332 1914 sicut
354 1884 447 1914 foetus
470 1883 499 1913 in
523 1883 610 1913 alvo:
636 1883 739 1924 itaque
761 1883 930 1913 venientem
954 1894 1005 1912 ex-

173 1926 319 1956 trinsecus
333 1927 462 1956 animam
479 1926 602 1968 allegari
618 1926 739 1956 animali
756 1925 841 1967 quasi
860 1926 923 1967 jam
946 1926 1006 1956 fac-

174 1976 214 2004 to,
229 1980 326 2010 neque
342 1969 462 2010 penitus
476 1969 636 1999 dominari.
662 1969 801 1999 Animam
815 1980 887 1999 vcro
899 1968 1006 1999 mundi

173 2011 292 2041 sibimet
317 2012 427 2041 animal
449 2023 604 2053 generare,
628 2012 790 2054 ipsumque
814 2012 868 2042 sibi
893 2012 1006 2054 potius,

173 2065 264 2095 quam
282 2065 312 2084 se
328 2054 384 2095 ipsi
400 2054 504 2096 ligare,
521 2055 651 2096 ideoque
674 2055 747 2085 nihil
771 2055 909 2085 animalis
927 2054 1002 2096 [Ed.

173 2109 218 2139 pr.
248 2098 281 2126 vin
307 2097 457 2139 animalis]
474 2098 663 2139 passionibus
685 2098 849 2139 aliquando
863 2098 1004 2139 compati.

174 2139 265 2177 Quod
288 2139 380 2176 enim,
403 2148 546 2181 tanquam
570 2140 713 2177 deterius,
736 2149 780 2171 est
802 2141 1004 2183 praestantiori

174 2194 356 2218 connexum,
375 2182 436 2224 pati
454 2183 577 2224 quidem
602 2183 686 2220 solet,
710 2183 731 2213 si
753 2185 887 2225 patiatur
909 2184 1002 2214 illud:

176 2237 274 2266 neque
295 2232 394 2255 tamen
411 2226 445 2256 fit
461 2238 476 2255 e
491 2237 644 2257 converso.
686 2227 739 2256 Tu
756 2238 827 2257 vero
842 2235 1004 2263 memento,

174 2267 314 2309 quamvis
329 2268 440 2314 'anima
466 2276 568 2298 nostra
593 2269 782 2299 nanciscatur
808 2281 918 2311 corpus
941 2271 1005 2312 jam

175 2312 289 2346 vivum,
307 2310 380 2340 mhil
398 2319 499 2341 tamen
522 2312 691 2352 prohibere,
708 2312 786 2342 hanc
808 2324 932 2354 quoqne
955 2313 1007 2343 ad-

175 2354 278 2384 hibere
300 2354 418 2395 corpori
444 2353 545 2389 vitam,
570 2366 624 2384 cen
652 2354 758 2384 lumini
788 2354 898 2385 lumen
945 2356 1007 2386 Hic

174 2397 252 2427 enim
277 2396 338 2426 vita
362 2396 443 2438 prior
465 2396 503 2426 ad
526 2404 625 2427 actum
650 2404 680 2427 et
703 2397 919 2438 proprietatem
938 2399 1008 2429 vitre

175 2448 242 2481 post
266 2439 412 2469 venientis
435 2439 521 2469 facile
545 2439 691 2469 trahitur:
721 2440 786 2470 haec
809 2440 888 2470 enim
912 2449 955 2471 est
978 2442 1008 2471 in

175 2482 298 2524 proprio
314 2493 439 2523 corpore
456 2481 567 2523 potior,
584 2489 677 2523 atque
693 2482 715 2511 si
731 2482 769 2512 ad
786 2482 908 2513 alteram
925 2495 1008 2513 com-

174 2534 310 2568 paretur,
332 2525 417 2566 quasi
443 2524 640 2555 substantiale
663 2524 808 2565 quiddam
833 2526 871 2555 ad
895 2525 1010 2567 aliquid

173 2568 357 2599 accidentale
374 2580 403 2597 se
420 2567 531 2597 habere
542 2567 673 2597 videtur.
699 2567 865 2598 Concludit
876 2568 1007 2610 (lenique

175 2611 350 2642 universnm
369 2610 482 2652 ubique
500 2610 575 2640 benc
591 2610 722 2652 disponi,
737 2610 775 2640 ad
792 2611 905 2641 bonum
924 2612 1007 2641 vide-

175 2654 241 2685 licet
258 2665 419 2684 commune
435 2653 627 2695 perductum.
669 2653 699 2682 Si
715 2653 788 2694 quid
808 2665 878 2683 vero
893 2654 1005 2684 incom-

175 2697 255 2728 modi
279 2698 393 2727 interea
417 2696 555 2739 partibus
579 2695 763 2738 quibusdam
789 2696 915 2734 accidat,
940 2697 1009 2728 inde

228 2751 316 2775 VOL.
338 2751 362 2775 1.

1804 161 1854 199 35
1859 161 1881 198 3

1048 245 1234 286 contingere,
1251 244 1335 285 quod
1352 243 1527 273 infirmitate
1543 254 1596 272 sua
1613 243 1657 273 vel
1675 243 1773 284 ipsum
1791 245 1884 274 totius

1048 287 1185 318 ordinem
1209 286 1265 316 rite
1289 285 1385 327 sequi,
1405 285 1451 315 vel
1475 285 1623 326 impetum
1648 287 1804 322 sustinere,
1828 295 1881 317 aut

1047 330 1183 360 devitare
1199 341 1258 359 non
1276 329 1402 371 possint.
1427 327 1643 357 Animadverte
1660 339 1741 364 vcro,
1758 328 1786 357 in
1802 341 1881 359 com-

1046 373 1203 415 paratione
1232 371 1344 402 Plotini
1372 370 1605 401 intellectualem
1635 370 1766 400 animam
1796 382 1882 412 posse

1047 424 1111 446 tum
1137 416 1232 458 ipsam
1256 415 1394 445 ordinem
1421 413 1544 444 fatalem
1571 413 1716 454 effugere,
1743 424 1838 454 quum
1866 426 1883 444 a

1047 459 1194 500 superiori
1219 458 1370 501 principio
1396 456 1544 499 pendeat:
1578 462 1643 486 tum
1668 456 1758 486 etiam
1784 456 1881 486 ordini

1048 502 1118 532 huic
1148 502 1276 532 libenter
1301 513 1335 531 ac
1363 500 1525 541 diligenter
1551 498 1782 529 obsecundare:
1817 506 1881 529 tum

1047 545 1179 587 denique
1200 545 1256 575 hoc
1280 544 1335 574 sibi
1356 542 1603 574 connnendatum
1621 553 1732 583 corpus
1751 541 1791 572 ita
1812 553 1880 572 cum

1046 588 1152 618 ordine
1186 587 1263 629 [Ed.
1297 599 1344 629 pr.
1380 587 1433 617 hoc
1464 585 1583 626 ordine]
1617 585 1817 621 conformare,
1849 592 1882 615 ut

1046 631 1233 673 quandoque
1248 630 1362 661 devitet
1378 628 1581 660 incommoda.

1048 719 1131 745 Faber
1142 720 1234 746 mundi
1249 728 1301 745 noti.
1316 718 1464 744 mutatione
1479 717 1529 747 sai,
1539 716 1584 742 sed
1596 716 1736 751 potcstatis
1751 716 1884 741 naturalis

1137 759 1291 795 copiafecit
1308 759 1434 785 mundum
1452 762 1578 792 tanquam
1596 757 1651 782 Dei
1665 759 1791 782 statuam.

1090 807 1187 836 VIII.
1219 805 1350 843 Quando
1373 804 1601 845 interrogantur
1623 801 1767 839 haeretici,
1790 813 1881 843 quam

1045 849 1085 879 ob
1109 860 1229 879 causam
1254 848 1361 878 mundi
1386 848 1472 878 faber
1491 845 1695 877 construxerit
1720 845 1883 881 mundum,

1046 892 1248 934 respondent:
1279 890 1422 933 quoniam
1446 902 1464 920 a
1486 888 1742 931 contemplatione
1765 887 1883 923 cecidit,

1046 948 1080 965 ac
1098 935 1179 965 velut
1196 935 1373 965 ambinosus
1396 933 1434 964 ad
1458 932 1613 974 agendum
1637 944 1667 961 se
1689 930 1819 961 contulit
1840 939 1884 961 at-

1047 990 1108 1020 que
1126 978 1348 1019 imperandum.
1395 976 1565 1007 Praestalmt
1588 982 1689 1005 autem
1714 973 1883 1004 naturalem

1048 1021 1200 1062 assignare
1216 1020 1459 1057 soecundstatcm,
1475 1030 1568 1060 quam
1587 1017 1752 1048 voluntatis
1775 1016 1884 1058 iniqui-

1050 1062 1153 1101 tatem,
1169 1072 1262 1105 atque
1277 1064 1317 1094 ita
1334 1062 1593 1103 interrogantibus
1609 1060 1803 1102 respondere:
1824 1060 1885 1090 Sic-

1050 1116 1084 1138 ut
1102 1107 1193 1144 calor,
1209 1119 1270 1148 qua
1295 1107 1410 1136 ratione
1431 1105 1522 1140 calor,
1544 1103 1722 1134 naturaliter
1737 1103 1883 1139 calefacit,

1049 1159 1076 1180 et
1095 1150 1159 1187 lux,
1176 1162 1237 1192 qua
1253 1150 1318 1186 lux,
1336 1148 1487 1179 illuminat
1503 1147 1691 1183 naturaliter,
1705 1154 1734 1176 et
1750 1146 1886 1176 similiter

1050 1194 1191 1230 vivificat,
1209 1194 1248 1224 sic
1266 1192 1508 1235 potentissimum
1526 1190 1600 1220 illud
1617 1201 1710 1231 agens
1728 1189 1886 1231 potestatis

1049 1248 1112 1267 suae
1129 1236 1275 1267 naturalis
1291 1235 1452 1278 praesentia
1468 1234 1548 1264 facit.
1579 1233 1712 1263 Omnino
1728 1244 1800 1262 vero
1815 1243 1885 1262 con-

1049 1288 1095 1310 tra
1118 1280 1293 1321 religionem
1317 1289 1437 1308 omnem
1461 1284 1554 1319 atque
1576 1275 1798 1317 philosophiam
1823 1287 1886 1305 esse

1049 1323 1180 1359 videtur,
1198 1322 1281 1364 quod
1298 1322 1439 1352 dicebant
1454 1319 1599 1350 bmretici:
1623 1319 1762 1361 opificem
1778 1318 1884 1348 mundi

1049 1366 1134 1407 prius
1148 1366 1178 1395 in
1196 1378 1225 1395 se
1240 1365 1407 1395 formaliter
1422 1370 1643 1405 permutatum,
1660 1373 1753 1403 quam
1775 1362 1886 1391 faceret

1050 1409 1212 1446 mundum,
1236 1416 1328 1450 atque
1350 1406 1504 1438 facultatis
1526 1405 1665 1448 opificize,
1682 1416 1752 1446 quae
1775 1404 1884 1446 sempi-

1051 1459 1136 1482 terna
1156 1460 1211 1489 est,
1227 1452 1287 1482 imo
1309 1451 1388 1481 idem
1411 1458 1455 1480 est
1476 1449 1528 1483 ibi,
1546 1448 1629 1490 quod
1654 1447 1886 1489 sempiternitas,

1050 1495 1169 1525 initium
1186 1494 1351 1536 aliquando
1366 1492 1538 1535 contigisse,
1555 1491 1680 1533 quando
1696 1490 1807 1521 scilicet
1823 1490 1887 1532 opi-

1050 1539 1099 1568 fex
1122 1538 1171 1568 ille
1192 1545 1316 1580 propter
1337 1537 1454 1578 lapsum
1480 1548 1498 1566 a
1521 1534 1696 1565 melioribus
1720 1534 1819 1564 factus
1843 1541 1886 1563 est

1050 1581 1255 1623 impotentior.
1283 1582 1339 1611 Est
1356 1588 1385 1610 et
1400 1587 1505 1610 contra
1521 1578 1695 1619 religionem
1714 1577 1886 1618 vituperare

1050 1624 1201 1654 mundum
1225 1632 1370 1665 tanquam
1395 1622 1519 1653 malum.
1568 1622 1647 1651 Nam
1671 1628 1701 1650 et
1723 1620 1753 1650 in
1774 1620 1885 1650 Genesi

1051 1668 1178 1709 Moyses
1201 1667 1253 1704 ait,
1278 1674 1344 1697 tum
1369 1665 1490 1707 singula
1512 1665 1541 1694 in
1566 1663 1683 1694 mundo
1706 1663 1795 1700 bona,
1821 1671 1885 1693 tum

1049 1717 1159 1741 cuncta
1172 1710 1260 1741 valde
1274 1710 1355 1740 bona
1370 1709 1478 1740 mundi
1490 1708 1634 1739 artificem
1649 1706 1788 1737 effecisse.
1815 1707 1886 1736 Huc

1050 1753 1147 1784 tendit
1170 1760 1199 1784 et
1225 1753 1318 1783 illud:
1345 1752 1421 1783 Caeli
1444 1756 1587 1782 enarrant
1611 1750 1737 1791 gloriam
1763 1749 1833 1787 Dei,
1857 1758 1884 1779 ct

1049 1808 1141 1838 opera
1153 1808 1301 1827 manuum
1318 1796 1383 1837 ejus
1397 1794 1559 1826 annuntiat
1575 1794 1812 1824 firmamentum.
1839 1792 1887 1822 Sic

1049 1839 1153 1881 itaque
1176 1839 1358 1881 magnitudo
1378 1846 1407 1869 et
1430 1844 1563 1880 potestas
1585 1844 1615 1867 et
1638 1843 1739 1866 motus
1755 1835 1887 1865 universi

1050 1882 1217 1913 mirabilem
1242 1882 1409 1912 divinitatis
1431 1887 1611 1923 potestatem
1636 1879 1722 1909 nobis
1744 1878 1887 1911 ostendit,

1049 1925 1126 1956 ordo
1142 1926 1286 1956 mirificus
1301 1924 1490 1967 sapientiam,
1507 1922 1674 1965 przesertim
1690 1922 1720 1952 in
1737 1929 1822 1952 tanta
1845 1933 1888 1951 rc-

1051 1980 1118 1999 rum
1146 1969 1291 1999 varietate
1318 1974 1471 1998 servatus:
1499 1978 1571 1997 usus
1596 1977 1720 2007 quoque
1746 1965 1785 1995 ad
1808 1965 1886 2006 opti-

1051 2024 1136 2042 mum
1162 2012 1278 2053 ubique
1304 2011 1477 2042 conducens
1502 2008 1635 2040 declarat
1660 2007 1768 2050 procul
1793 2008 1889 2038 dubio

1052 2055 1229 2085 bonitatem.
1278 2055 1477 2090 Potestatem,
1502 2052 1637 2094 inquam,
1658 2059 1689 2082 et
1711 2051 1886 2092 sapientiam

1051 2106 1080 2128 et
1096 2098 1275 2135 bonitatem,
1294 2109 1352 2127 non
1377 2097 1485 2133 solum,
1503 2108 1573 2137 qnae
1594 2095 1631 2125 sit
1652 2094 1682 2124 in
1702 2094 1820 2136 opifice,
1836 2094 1887 2124 sed

1051 2153 1121 2183 quzc
1136 2141 1359 2171 communicata
1375 2140 1464 2170 ctiam
1482 2139 1519 2169 sit
1535 2138 1666 2180 opificiO,
1678 2137 1811 2179 alioquin
1829 2148 1888 2167 non

1050 2196 1208 2226 possemus
1230 2184 1340 2225 opificii
1366 2183 1459 2225 hujus
1481 2181 1735 2223 contemplatione
1758 2180 1828 2210 talia
1852 2180 1889 2209 de

1051 2228 1159 2269 opifice
1170 2227 1320 2269 judicare.
1360 2228 1459 2264 Quam
1476 2226 1515 2255 ob
1532 2237 1593 2255 rern
1611 2224 1705 2254 satius
1720 2223 1887 2254 admodum

1050 2271 1140 2307 foret,
1158 2270 1333 2300 universnm
1358 2269 1415 2299 hoc
1439 2268 1595 2299 Platonico
1617 2279 1709 2303 more,
1726 2266 1811 2308 quasi
1830 2267 1886 2296 Dei

1052 2322 1183 2344 statuam
1214 2313 1373 2347 honorare,
1401 2319 1431 2342 et
1457 2323 1527 2353 qua:
1559 2311 1587 2341 in
1616 2323 1651 2341 eo
1677 2309 1889 2340 excellentiora

1053 2364 1134 2393 sunt,
1156 2365 1301 2398 tanquam
1326 2355 1467 2386 certiores
1490 2362 1605 2384 statuas
1627 2353 1776 2389 idearum,
1797 2364 1888 2394 quam

1051 2400 1264 2430 haercticorum
1281 2411 1364 2429 more
1380 2399 1566 2440 vituperare:
1589 2397 1717 2438 impium
1732 2396 1811 2426 enim
1828 2408 1890 2425 esse

1054 2443 1203 2473 Platonici
1222 2442 1374 2484 judicant,
1399 2448 1514 2472 statuas
1536 2440 1593 2470 Dei
1615 2440 1699 2470 vivas
1721 2439 1760 2469 ab
1783 2439 1887 2469 eodem

1053 2485 1225 2522 fabricatas,
1242 2485 1417 2527 positasque
1433 2485 1462 2514 in
1479 2485 1594 2525 templo
1609 2482 1766 2513 mundano
1777 2482 1815 2512 ad
1828 2482 1889 2511 cnl-

1055 2535 1119 2558 tum
1143 2528 1311 2570 legitinnnn
1329 2528 1471 2558 omnibns
1492 2525 1775 2560 demonstrandum,
1793 2524 1889 2564 (lespi-

1050 2582 1127 2607 cerc,
1146 2583 1182 2601 ne
1203 2571 1278 2602 dum
1302 2571 1472 2601 criminari:
1499 2582 1568 2600 nam
1589 2577 1619 2599 et
1642 2568 1717 2610 quid
1741 2567 1796 2597 sibi
1819 2567 1885 2595 velit

1050 2613 1137 2650 illud,
1156 2615 1193 2644 In
1211 2614 1271 2645 sole
1287 2614 1390 2656 posuit
1405 2613 1634 2644 tabernaculum
1653 2622 1754 2646 suum,
1772 2620 1829 2639 non
1847 2616 1887 2637 est

1051 2656 1282 2698 negligendum.
1331 2658 1400 2686 Non
1425 2656 1522 2686 solum
1540 2656 1643 2695 itaque
1659 2652 1794 2683 mundus
1809 2651 1887 2680 divi-

1054 2710 1122 2728 nam
1152 2707 1284 2730 mentem
1312 2699 1497 2729 dissimiliter
1524 2698 1670 2732 imitatur,
1699 2703 1731 2725 ut
1759 2693 1889 2724 haeretici

1084 2753 1107 2775 Z
1128 2755 1146 2775 Z
