2201 2990
224 139 316 171 cxxvi

229 232 295 256 tum
319 224 385 254 οὐδὲ
406 224 463 263 γὰρ
487 221 544 252 οὐδ’
566 219 661 261 ἐγγύς.

229 274 314 306 libris
338 274 439 305 statim
462 273 558 315 repeti
577 273 627 303 vix
643 279 744 314 potest
767 272 831 303 sola
853 272 1003 314 particula
1018 273 1074 311 γὰρ

229 326 402 368 interjecta,
418 324 475 355 nisi
491 324 575 355 aliud
591 324 681 354 etiam
699 324 764 354 οὐδὲ
780 323 923 365 deinceps
938 323 1074 365 positum

231 378 374 414 refertur,
399 384 434 407 ut
456 377 509 406 fiat
532 375 796 418 neque—neque.”
841 374 987 416 Toupius
1009 374 1073 404 for-

230 429 345 460 mulam
364 427 450 468 ἐγγύς
472 440 499 457 τι
521 426 654 457 illustrat
676 426 756 456 binis
778 426 926 467 exemplis
948 437 986 456 ex
1002 424 1075 455 Ari-

230 479 347 512 stotelis
362 479 457 510 Rhet.
471 479 519 509 II.
537 488 547 508 1
559 488 584 508 1.
603 485 633 508 et
649 489 665 507 e
683 477 779 507 Suida
794 477 824 506 in
839 476 1014 508 Ὀὃαίναθος
1030 487 1077 506 re-

230 531 424 574 petitis—r&
444 529 622 567 Νουμηνίου,
645 528 690 558 καὶ
712 528 847 567 Κρονίου,
870 528 916 558 καὶ
935 526 1073 567 Μοδερά-

762 133 1139 165 ANNOTATIONES
1164 132 1213 162 IN
1238 129 1437 162 PLOTINI

708 221 788 251 Nam
815 221 881 251 οὐδὲ
904 219 1017 250 talibus
1041 219 1073 250 in
1091 220 1118 248 A
1136 217 1286 255 sensisset,
1301 215 1410 258 fugit.”
1432 214 1503 245 Vid.
1523 215 1649 245 Sueton.
1665 214 1697 245 in
1713 215 1821 246 Tiber.
1839 226 1865 246 0.
1879 215 1976 246 XIV.

1135 278 1165 300 et
1181 269 1220 300 ad
1235 280 1305 300 eum
1323 269 1364 298 Is.
1380 266 1513 298 Casaub.
1531 265 1633 298 Tacit.
1650 267 1778 298 Annall.
1791 267 1847 297 VI.
1866 277 1914 298 20.
1931 279 1977 310 sq.

1136 321 1298 352 Fabricius
1320 326 1350 350 et
1375 319 1554 349 Heumann.
1580 317 1611 347 in
1634 317 1715 348 Bibl.
1733 318 1791 349 Gr.
1814 319 1886 349 Vol.
1906 319 1976 350 ΙΙΙ.

1136 384 1166 414 p.
1187 382 1254 413 190.
1293 371 1383 402 Harl.
1408 378 1438 400 et
1460 369 1602 410 interprr.
1626 368 1665 399 ad
1689 369 1782 400 Dion.
1801 370 1888 400 Cass.
1905 370 1976 401 LV.

1136 435 1165 465 p.
1184 424 1256 464 783.
1287 422 1422 453 Reimar.
1439 427 1470 451 et
1486 421 1599 451 LVII.
1616 432 1645 462 p.
1660 422 1732 451 861.
1765 422 1820 452 Cr.

1178 486 1207 516 p.
1225 474 1314 504 lxxii.
1332 480 1354 503 e·
1376 472 1414 504 ‘O
1431 474 1461 503 δὲ
1484 471 1631 510 Ἀμέλιος,
1649 471 1708 502 κατ’
1722 474 1790 513 ἴχνη
1805 474 1860 511 μὲν
1875 473 1978 504 τούτου

1135 527 1265 565 βαδίζειν
1287 523 1528 566 προαιρούμενος]
1554 522 1683 553 Retinui
1705 524 1769 561 μὲν,
1790 523 1860 554 licet
1883 524 1979 555 altero

230 596 290 618 του,
306 582 352 612 καὶ
364 579 557 620 Θρασύλλου.
589 578 780 621 Porphyrius
795 590 845 620 ap.
859 578 977 609 Euseb.
989 578 1074 609 Hist.
1092 584 1116 611 Β
1137 577 1275 607 membro
1290 583 1459 618 repetatur,
1473 582 1503 605 et
1518 574 1661 605 omittant
1675 573 1793 615 aliquot
1808 574 1888 605 libri.
1912 575 1979 606 Nec

231 633 349 664 Eccles.
369 632 426 662 VI.
446 641 495 672 19.
519 642 550 672 p.
569 639 641 670 244.
658 642 703 671 sq.
727 629 774 660 ed.
793 629 926 660 Taurin.
947 629 985 659 de
1002 628 1073 659 Ori-

230 696 308 728 gene
325 682 531 715 Adamantio:
557 683 654 719 Συνῆν
669 694 701 711 τε
721 683 777 720 γὰρ
799 681 844 711 ἀεὶ
864 682 902 721 τῷ
924 679 1073 714 Πλάτωνι,

231 739 290 768 τοῖς
309 748 340 766 τε
362 734 529 772 Νουμηνίου
553 733 600 763 καὶ
625 733 759 771 Κρονίου,
775 730 1024 770 Ἀπολλοφάνους
1043 743 1076 761 τε

233 787 279 818 καὶ
294 786 453 825 Λογγίνου,
472 785 517 814 καὶ
534 782 705 822 Μοδεράτου
723 782 893 822 Νικομάχου
909 795 941 812 τε
958 783 1004 812 καὶ
1019 785 1077 812 τῶν

232 839 264 869 ἐν
276 841 335 870 τοῖς
351 836 562 875 Πυθαγορείοις
578 835 745 874 ἐλλογίμων
761 835 874 873 ἀνδρῶν
889 834 991 871 ὡμίλει
1007 845 1077 872 συγ-

232 888 410 929 γράμμασιν.
442 886 502 917 Sed
519 886 579 916 illic
594 897 651 927 pro
666 886 814 925 Λογγίνου
832 884 995 926 legendum
1012 895 1076 914 esse

231 940 375 978 Ἀλβίνου
392 937 548 968 contendit
562 936 732 967 Ruhnken.
744 936 783 967 (le
797 936 942 977 Longino
959 936 1075 976 §.VIL
1095 946 1118 974 C

232 1002 263 1033 p.
273 1000 346 1032 503.
359 990 484 1031 Bergm.
499 989 552 1030 qui
569 988 608 1018 de
625 996 690 1018 toto
707 988 763 1018 hoc
779 987 908 1018 Eusebii
926 986 992 1017 loco
1006 998 1077 1017 eon-

234 1041 377 1073 ferendus
400 1048 455 1071 est.
503 1040 552 1070 De
570 1039 725 1070 Numenio
740 1046 770 1069 et
787 1038 903 1069 Cronio
922 1049 1015 1080 supra
1031 1038 1074 1067 vi-

231 1093 333 1124 dimus
349 1092 387 1122 ad
404 1103 471 1133 cap,
487 1092 582 1121 XIV.
601 1102 631 1133 p.
646 1092 715 1121 116.
755 1090 923 1121 Videamus
940 1101 1021 1120 nune
1038 1089 1077 1120 de

230 1144 354 1175 duobus
380 1142 514 1185 reliquis.
561 1141 754 1184 Porphyrius
778 1141 817 1172 (le
844 1142 914 1172 Vita
940 1141 1076 1183 Pythag.

232 1196 325 1237 §.48.
342 1195 436 1237 p..46.
458 1194 506 1225 ed.
524 1194 668 1224 Kuster.:
694 1194 710 1232 ἡ
731 1194 761 1223 δὲ
783 1194 848 1232 περὶ
870 1196 927 1223 τῶν
949 1194 1077 1232 ἀριθμῶν

230 1247 424 1286 πραγματεία,
441 1247 477 1278 ὡς
494 1246 583 1276 ἄλλοι
606 1258 637 1275 τε
661 1245 747 1284 φασὶ,
765 1245 812 1275 καὶ
829 1244 998 1283 Μοὸέρατος
1013 1246 1028 1274 ὁ
1045 1245 1077 1274 ἐκ

233 1299 378 1337 Γαδείρων
394 1296 470 1327 πάνυ
488 1299 615 1328 συνετῶς
631 1297 663 1326 ἐν
676 1296 779 1326 ἕνδεκα
792 1295 886 1335 (cod.
900 1296 1024 1325 Monac.
1037 1295 1073 1326 A.
1095 1302 1121 1330 D
1140 1294 1168 1324 iu
1189 1294 1321 1337 Specim.
1339 1293 1414 1324 Crit.
1432 1293 1461 1323 iu
1480 1293 1602 1323 Platon.
1620 1304 1650 1333 p.
1666 1300 1736 1332 137.

233 1361 279 1380 ur.
298 1360 333 1389 91
351 1361 356 1379 :
383 1348 415 1378 ἕν
431 1348 510 1378 δέκα.
529 1348 593 1387 sic.)
611 1348 732 1386 βίβλοις
755 1347 932 1386 συναγαγὼν
955 1346 987 1376 τὸ
1012 1347 1077 1386 ἀρέ-

954 1398 1077 1428 Floruit

778 1449 859 1491 Ejus
889 1449 1076 1491 discipulum

232 1413 305 1431 σκον
319 1403 378 1432 τοῖς
394 1398 528 1438 ἀνδράσι,
546 1400 592 1429 διὰ
607 1401 690 1429 τοῦτο
710 1397 907 1436 ἐσπουδάσθη.

231 1451 417 1483 111011οι’111113
446 1450 577 1480 Neronis
603 1457 702 1480 aetate.

233 1502 369 1534 Lucium
386 1509 535 1532 memorat
551 1500 738 1531 Plutarchus
756 1501 962 1543 Symposiace.
979 1501 1076 1531 VIII.

234 1564 263 1594 7.
280 1566 309 1596 p.
322 1562 393 1593 727.
405 1553 441 1583 B.
459 1564 488 1594 p.
501 1562 574 1593 999.
588 1553 692 1594 Wytt.
724 1552 851 1593 Scripsit
866 1555 1077 1592 Πυθαγορικῶν

232 1608 353 1646 σχολῶν
377 1604 469 1634 libros
493 1603 636 1634 undecim
660 1611 736 1634 teste
756 1603 931 1645 I‘orphyrio
953 1605 1004 1634 l.l.
1024 1604 1076 1634 ‹lc-

1136 628 1293 658 haeserunt
1314 628 1346 658 in
1369 640 1405 657 eo
1423 625 1559 668 Longini
1581 625 1773 666 interpretes.
1819 626 1871 657 Cf.
1887 626 1979 657 etiam

1138 679 1256 710 Matth.
1281 680 1338 710 Gr.
1362 679 1420 709 Gr.
1455 679 1484 718 ξ.
1508 677 1580 708 622.
1604 685 1633 717 5.
1666 687 1696 717 p.
1722 677 1815 717 1263.
1846 676 1896 707 ed.
1920 688 1979 708 sec.

1137 730 1319 761 Admonent
1348 737 1450 760 autem
1482 729 1548 759 haee
1575 727 1812 758 Homericorum
1842 728 1978 759 locorum

1139 782 1253 824 Odys5.
1275 780 1318 820 β’.
1341 782 1415 820 406.
1447 779 1486 821 γ’.
1502 791 1555 822 30.
1585 778 1617 810 ε’.
1637 789 1705 820 139.
1729 786 1759 809 et
1782 778 1816 817 η’.
1833 779 1892 820 38:
1917 778 1978 818 μετ’

1138 834 1219 873 ἴχνια
1241 836 1329 871 βαῖνε
1352 835 1440 863 θεοῖο.
1466 831 1564 871 (unde
1585 832 1716 861 colorem
1734 830 1824 861 duxit
1842 831 1929 862 Plato
1949 831 1980 861 in

1139 884 1274 914 Phaedro
1297 895 1330 926 p.
1349 884 1418 914 266.
1436 884 1474 914 B.
1498 890 1663 913 annotante
1688 881 1818 913 Heindf.
1845 882 1885 913 ad
1909 893 1980 913 eum

1138 937 1238 966 10011111
1255 947 1285 977 p.
1295 945 1313 975 3
1324 937 1383 976 ¹3·)
1400 942 1431 965 et
1445 933 1596 965 Pindarici
1610 933 1706 976 Pyth.
1719 934 1765 963 X.
1779 936 1807 973 (1
1818 935 1857 974 Ι.)
1873 944 1921 974 19.
1934 945 1980 976 sq.

1137 999 1196 1017 —:
1237 987 1270 1017 τὸ
1299 987 1330 1016 δὲ
1360 987 1502 1025 συγγενὲς
1532 985 1701 1024 ἐμβέβακεν
1730 986 1846 1025 ἴχνεσιν
1875 985 1982 1025 πατρὸς

1141 1039 1236 1077 (ἴχνος
1265 1039 1315 1068 τοῦ
1344 1039 1505 1076 συγγενοῦς
1530 1036 1609 1067 dixit
1636 1035 1778 1066 Plotinus
1808 1048 1836 1078 p.
1853 1046 1905 1077 51.
1923 1037 1978 1076 G.)

1141 1089 1201 1119 Sed
1225 1088 1296 1119 alibi
1317 1088 1407 1118 etiam
1429 1099 1498 1118 cum
1517 1087 1618 1118 verbis
1641 1095 1759 1118 motum
1783 1087 1981 1129 significanti-

1139 1140 1198 1170 bus
1220 1140 1277 1170 hoc
1300 1139 1527 1170 substantivum
1547 1138 1653 1180 jungit
1677 1139 1778 1174 Plato,
1795 1146 1830 1168 ut
1851 1138 1982 1169 Politico

1139 1203 1169 1234 p.
1184 1201 1254 1232 290.
1270 1192 1318 1221 Ι);
1344 1191 1406 1221 οἶόν
1422 1190 1458 1230 γέ
1473 1203 1550 1222 τινος
1570 1191 1669 1229 ἴχνους
1691 1189 1735 1229 ἐφ’
1754 1189 1769 1219 ὃ
1789 1189 1980 1229 πορευόμεθα,

1139 1255 1201 1284 quo
1217 1242 1255 1273 (le
1270 1243 1337 1272 loco
1354 1242 1498 1284 praeclare
1510 1241 1572 1283 egit
1586 1241 1707 1271 Clariss.
1720 1241 1881 1271 Heusdius
1897 1253 1983 1272 mens

1782 1291 1855 1322 Alia
1872 1292 1980 1323 harum

1139 1346 1342 1376 formularum
1360 1345 1501 1386 exempla
1515 1343 1554 1374 ad
1571 1343 1636 1374 haec
1654 1353 1671 1373 2
1688 1342 1768 1373 Petri
1787 1343 1833 1373 II.
1853 1353 1887 1374 21
1903 1356 1910 1374 :
1934 1345 1982 1375 ἵνα

1140 1397 1395 1435 ἐπακολουθήσητε
1411 1399 1470 1428 τοῖς
1486 1397 1601 1435 ἴχνεσιν
1617 1395 1705 1425 αὐτοῦ
1727 1394 1878 1434 congessit
1894 1395 1984 1426 Wet-

1139 1449 1256 1479 stenius
1276 1449 1304 1478 in
1322 1449 1362 1479 N.
1375 1449 1417 1478 T.
1444 1448 1499 1478 Cr.

1139 1501 1233 1531 αὐτῶν
1249 1499 1401 1539 δογμάτων
1417 1500 1575 1539 ἐχόμεινοςῑ
1602 1501 1622 1515 “
1635 1497 1744 1527 Minus
1762 1505 1842 1527 recte
1859 1508 1983 1540 accepe-

1138 1560 1211 1582 runt
1227 1551 1281 1581 viri
1300 1550 1476 1581 doctissimi.
1523 1550 1582 1580 Est
1592 1549 1786 1591 plerumque.
1823 1549 1925 1585 Quare
1940 1550 1983 1580 lo-

1139 1615 1193 1633 cus
1208 1603 1250 1633 ita
1267 1602 1433 1633 vertendus
1453 1609 1515 1632 est:
1540 1601 1585 1630 Et
1602 1600 1784 1641 plerumque
1800 1599 1902 1629 euclem
1918 1611 1982 1630 am-

1545 1447 1644 1476 Mox:
1670 1447 1706 1476 τὰ
1728 1447 1827 1476 πολλὰ
1849 1447 1904 1484 μὲν
1926 1449 1983 1477 τῶν

231 1668 293 1688 cem
318 1655 468 1698 siquidem
495 1654 637 1685 librarius
663 1654 786 1685 Codicis
810 1656 933 1686 Monac.
959 1655 1073 1685 voluit:
1095 1666 1119 1693 Ε
1133 1655 1248 1697 pharus
1264 1654 1412 1696 dogmata
1430 1654 1460 1683 in
1478 1663 1582 1683 eornm
1599 1651 1783 1681 tractatione
1800 1651 1893 1681 multo
1904 1663 1981 1693 pro-

233 1711 265 1740 ἐν
281 1708 359 1743 δέκα,
376 1708 511 1749 quinque
535 1713 610 1736 teste
635 1706 742 1748 Steph.
763 1707 838 1748 Byz.
864 1718 894 1748 p.
913 1716 982 1747 255.
1000 1707 1075 1737 Ber-

233 1759 313 1791 kelii.
346 1759 426 1800 Ejus
439 1758 647 1799 fragmentum
665 1757 703 1788 de
720 1766 830 1788 natura
846 1758 965 1788 numeri
984 1759 1077 1798 (ἀριθ-

232 1813 299 1850 μοῦ)
325 1809 457 1841 servavit
482 1809 625 1840 Stoboeus
649 1809 781 1850 Eelogg.
808 1809 916 1851 l‘hyss.
943 1810 967 1839 I.
995 1820 1022 1840 2.
1047 1810 1074 1840 8.

234 1874 264 1905 p.
279 1864 327 1893 18.
347 1862 482 1891 Heeren.
520 1860 614 1891 Plura
629 1860 668 1891 (le
683 1873 719 1891 eo
737 1861 932 1891 H-Valesius
953 1861 991 1891 ad
1010 1862 1076 1892 Eu-

233 1914 295 1944 seb.
312 1913 362 1943 l.l.
395 1911 556 1943 Fabricius
579 1920 608 1942 01
634 1913 841 1942 Heumannus
865 1912 893 1942 111
919 1913 999 1943 Bibl.
1018 1914 1076 1943 Gr.

235 1966 306 1997 III.
324 1966 396 2005 853.
413 1964 465 1994 ubi
483 1971 583 1994 tamen
604 1963 680 1994 falso
701 1963 814 1994 citatur
831 1963 943 1994 Suidas
966 1964 995 1994 in
1021 1963 1075 1994 Γά-

1138 1706 1235 1737 liaeior
1258 1711 1285 1737 ct
1316 1706 1473 1748 operosior
1498 1704 1571 1734 ests*
1599 1704 1700 1744 Toup.
1765 1705 1786 1720 “
1804 1702 1982 1734 Omiserunt

1138 1769 1249 1799 nempe
1272 1757 1409 1787 humano
1432 1767 1533 1786 errore
1553 1755 1582 1784 in
1599 1753 1823 1795 versione-sere
1844 1761 1898 1784 aut
1916 1755 1982 1796 ple-

1138 1820 1268 1851 rumque
1289 1810 1339 1847 (τὰ
1363 1809 1491 1847 πολλὰ),
1512 1814 1611 1837 cetera
1635 1813 1736 1836 tamen
1762 1816 1821 1834 11011
1846 1805 1981 1837 deterius

1138 1859 1363 1902 inte1·pretati.'’
1396 1859 1507 1889 ll'eislc.
1562 1857 1604 1888 Et
1628 1868 1699 1887 vero
1722 1867 1792 1886 011111
1818 1856 1924 1887 sectari
1950 1869 1981 1888 se

1139 1911 1297 1942 Plotinum
1322 1910 1417 1941 videri
1441 1910 1532 1940 vellet
1555 1907 1708 1943 Amelius,
1731 1906 1912 1937 l‘lotiuianis
1936 1916 1980 1939 ta—

1138 1974 1207 1993 men
1237 1974 1362 2005 prorsus
1391 1960 1543 1992 contraria
1572 1959 1685 2001 placita
1713 1958 1831 1999 aliquot
1859 1958 1888 1989 in
1919 1960 1982 1990 suis

233 2021 325 2057 δειρα.
364 2015 627 2058 U'yttenbachius
651 2015 680 2045 iu
706 2014 853 2046 Biblioth.
876 2015 954 2046 Crit.
976 2016 1024 2046 II.
1047 2018 1075 2046 8.
1099 2029 1121 2056 F
1140 2014 1259 2056 seriptis
1274 2012 1473 2054 consignavit.
1499 2011 1598 2052 Cujus
1614 2009 1655 2040 rei
1672 2009 1789 2050 insigne
1805 2011 1981 2052 exemplum

234 2080 264 2110 p.
285 2077 353 2098 122.
369 2067 422 2109 qui
442 2067 533 2098 etiam
557 2067 587 2097 in
611 2066 705 2108 hujus
727 2067 902 2109 philosophi
925 2066 1078 2097 mentione

234 2119 383 2161 insignem
402 2118 561 2149 Meinersii
577 2118 794 2159 negligentiam
813 2118 941 2155 notavit,
953 2126 983 2149 et
996 2119 1079 2147 Hee—

236 2182 298 2201 ren.
316 2170 354 2200 de
372 2170 525 2201 Fontibus
541 2171 701 2211 Eelogarr.
721 2170 835 2200 Smbaei
854 2170 901 2200 II.
920 2179 948 2200 2.
964 2178 1078 2211 p.303.

236 2233 282 2262 sq.
314 2222 362 2251 De
383 2222 550 2263 Thrasyllo
569 2221 751 2252 Scholiastes
766 2222 914 2251 Juvenal.
931 2220 969 2251 ad
988 2219 1077 2250 Satir.

237 2274 294 2303 VI.
311 2274 382 2313 576.
401 2285 428 2314 p.
445 2274 515 2313 258.
533 2274 578 2304 ed.
592 2273 748 2304 Crameri:
775 2277 796 2290 “
810 2271 985 2303 Thrasillus
1002 2272 1077 2313 (leg.

236 2324 435 2366 Thrasyllus)
448 2325 615 2354 multarum
628 2324 740 2355 artium
755 2324 908 2355 scientiam
922 2324 1078 2366 professus

1140 2065 1242 2107 prodit
1260 2065 1388 2095 l‘roelus
1409 2063 1439 2093 in
1457 2061 1594 2093 Platonis
1611 2061 1767 2091 Tinueuiu
1792 2072 1822 2102 p.
1841 2071 1891 2102 93.
1908 2061 1980 2093 infr.

1141 2119 1211 2155 Qua
1234 2116 1272 2146 ‹le
1295 2127 1327 2145 re
1350 2115 1484 2145 diximus
1507 2113 1545 2144 ad
1570 2112 1736 2151 Plotinum,
1751 2124 1815 2143 v.c.
1833 2112 1872 2143 ad
1889 2113 1981 2144 finem

1141 2167 1298 2199 Enueadis
1312 2167 1360 2196 II.
1377 2166 1470 2206 lib.3.
1486 2177 1518 2207 p.
1535 2164 1604 2203 148.
1637 2164 1694 2194 Cr.

1182 2230 1214 2260 p.
1232 2218 1317 2249 lxxii.
1332 2217 1352 2248 f.
1378 2217 1424 2247 καὶ
1439 2218 1472 2254 τῇ
1488 2218 1537 2254 τῆς
1554 2216 1706 2254 ἑρμηνείας
1721 2216 1881 2258 περιβολῇ]
1908 2216 1981 2247 Per.

1140 2281 1242 2312 peram
1268 2269 1333 2299 ha’c
1355 2274 1513 2310 acceperat
1529 2267 1641 2296 Morus
1656 2266 1695 2296 de
1710 2271 1823 2296 ornatu
1839 2267 1979 2298 elocutio-

1139 2321 1190 2351 nis
1201 2322 1254 2362 qui
1270 2320 1459 2355 adsumitur,
1473 2330 1530 2360 quo
1544 2328 1591 2348 res
1608 2317 1690 2348 velut
1705 2317 1860 2347 induitur.
1885 2318 1982 2348 Recte

236 2383 390 2417 postremo
417 2387 447 2405 se
473 2375 559 2406 dedit
584 2375 751 2406 Platonicae
779 2384 879 2413 sectae,
904 2387 939 2405 ae
965 2373 1077 2404 deinde
1095 2385 1121 2412 G
1139 2380 1245 2403 contra
1269 2370 1447 2401 Weiskius:
1483 2374 1503 2388 ‘⁶
1521 2369 1684 2411 Longinus
1708 2369 1848 2399 universe
1875 2369 1980 2400 laudat

236 2426 383 2458 mathesi:
415 2438 478 2468 qua
501 2427 656 2468 praecipue
683 2426 781 2467 viguit
802 2426 887 2469 apud
913 2425 1075 2456 Tiberium

235 2490 304 2510 eum
327 2490 389 2520 quo
412 2478 470 2508 sub
493 2478 609 2508 honore
631 2477 769 2519 ejusdem
792 2477 865 2507 artis
888 2475 1077 2507 familiariter

237 2530 336 2560 vixit:
369 2540 460 2571 quem
486 2536 592 2571 postea
616 2528 762 2558 Tiberius
785 2528 814 2558 in
840 2528 939 2558 insula
962 2526 1077 2557 Rhodo

236 2580 427 2623 praecipitare
451 2579 548 2610 voluit
574 2579 604 2610 in
631 2580 786 2621 pelagum,
811 2579 898 2621 quasi
921 2578 1077 2609 conscium

237 2632 402 2675 praemissae
428 2631 591 2671 (Pithoeus
615 2631 754 2660 mavult:
782 2631 958 2671 promissoe,
983 2636 1013 2659 et
1036 2628 1078 2658 ita

239 2683 388 2724 Casaub.)
406 2681 631 2713 dominationis.
677 2681 777 2714 Quem
794 2680 898 2711 dolum
916 2691 986 2710 eum
1001 2691 1079 2721 prae-

1139 2424 1205 2465 ejus
1230 2422 1374 2462 (Plotini)
1400 2422 1489 2452 τύπον
1515 2423 1564 2459 τῆς
1590 2423 1714 2460 γραφῆς,
1742 2428 1782 2457 ct,
1807 2420 1891 2461 quod
1919 2420 1979 2451 huc

1139 2474 1270 2505 maxime
1292 2473 1435 2516 pertinet,
1451 2476 1508 2503 τῶν
1523 2473 1643 2502 ἐννοιῶν
1658 2471 1779 2510 τάνδρὸς
1801 2471 1853 2508 τὴν
1872 2472 1977 2501 πυκνό-

1138 2538 1209 2563 τητα
1225 2526 1365 2565 (Fragm.
1384 2525 1443 2554 VI.
1461 2524 1516 2563 E.)
1549 2524 1630 2553 Cum
1646 2522 1742 2564 igitur
1758 2521 1899 2552 Amelius
1915 2522 1945 2553 h.
1958 2523 1978 2554 l.

1138 2576 1259 2607 dicatur
1271 2578 1304 2614 τῇ
1320 2578 1368 2613 τῆς
1385 2576 1536 2614 ἑρμηνείας
1550 2576 1695 2613 περιβολῇ
1711 2573 1740 2603 111
1757 2573 1916 2604 contraria?
1932 2585 1978 2604 ra-

1139 2627 1228 2658 tionis
1251 2627 1387 2657 studium
1411 2626 1565 2656 abductus
1587 2636 1661 2662 esse,
1678 2635 1737 2654 11011
1758 2628 1889 2654 ornatus
1909 2625 1978 2666 qui-

1139 2679 1208 2709 dem
1226 2678 1273 2709 hie
1290 2686 1390 2721 potest
1405 2677 1546 2718 intelligi,
1563 2676 1617 2718 qui
1633 2687 1686 2706 nec
1701 2675 1779 2716 τύπῳ
1796 2677 1845 2712 τῆς
1865 2678 1979 2715 γραφῆς
