2201 2990
938 133 1007 166 DE
1037 133 1273 168 PLOTINO.
1870 143 1967 175 xxvii

239 236 271 269 ei
289 236 418 269 dicitur
434 231 474 266 τὸ
493 233 623 278 πρῶτον
643 228 851 273 (Primum),
870 241 963 264 nunc
981 229 1021 263 τὸ
1036 231 1071 264 ιὲν
1091 230 1246 277 (Unum)
1266 244 1359 266 nunc
1377 244 1459 266 vero
1477 233 1518 267 τὸ
1537 235 1665 278 ἀγαθόν
1685 237 1871 283 (Bonum).
1925 241 1967 274 In

238 293 294 326 his
320 292 404 335 ipsis
430 288 724 333 appellationibus
750 290 811 320 τοῦ
836 286 901 322 ἑνὸς
922 288 1069 332 (Unius)
1095 294 1129 322 et
1155 292 1214 323 τοῦ
1240 290 1372 334 ἀγαθοῦ
1394 291 1516 335 (Boni)
1546 292 1666 326 insunt
1693 296 1797 329 etiam
1824 298 1968 332 Ethices

240 349 450 382 Plotinianae
468 346 642 390 principia
660 350 695 378 et
712 346 812 388 quasi
832 346 976 380 semina.
1031 346 1203 381 Videlicet
1221 348 1307 381 illud
1328 347 1369 381 τὸ
1385 348 1418 381 ἓν
1438 349 1589 394 (Unum)
1614 351 1707 384 haud
1734 364 1813 386 raro
1837 367 1969 389 accom-

238 406 401 439 modatur
426 405 469 437 ad
497 404 668 436 actionem
688 407 723 436 et
742 404 863 443 vitam,
883 406 1144 449 apponiturque
1170 408 1216 449 τῷ
1245 408 1361 445 πλήθει
1383 407 1656 448 (multitudini);
1687 411 1794 442 veluti
1823 423 1899 445 cum
1928 415 1969 446 (le

236 463 403 508 fugienda
422 462 649 494 multitudine
667 462 874 505 praecipitur
891 474 909 495 e
928 464 1064 497 ratione
1084 464 1254 497 Platonis,
1307 464 1432 498 Altera
1459 467 1647 509 appellatio
1669 465 1724 509 (τὸ
1743 467 1881 511 ἀγαθὸν.
1902 471 1970 503 Βυ-

237 521 338 564 num)
366 521 447 553 licet
473 520 643 553 latissime
669 523 799 563 pateat,
819 524 937 553 tamen
965 526 998 553 et
1026 522 1102 565 ipsa
1128 522 1280 555 refertur
1306 524 1350 555 ad
1377 525 1544 556 moralem
1573 524 1781 565 doctrinam,
1799 532 1972 570 quatenus

236 579 436 622 quicunque
454 581 537 611 sunt
554 577 743 610 fueruntve
763 582 823 610 aut
842 577 953 611 futuri
974 584 1057 612 sunt
1075 580 1231 613 universi
1254 592 1430 613 summum
1457 581 1587 614 bonum
1608 588 1778 626 expetunt
1797 584 1972 629 hujusque

236 637 380 670 student
397 636 585 680 participes
603 635 688 668 fieri.
742 635 803 668 Fit
828 640 945 669 autem
971 637 1048 670 haec
1066 638 1291 681 participatio
1310 650 1372 682 per
1390 637 1674 685 Philosophiam,
1693 642 1794 686 cujus
1818 643 1897 676 finis
1921 649 1971 677 est

236 695 343 729 ἕνωσις
362 694 559 738 (adunatio)
579 694 688 726 animi
707 693 854 727 humani
874 706 953 727 cum
976 695 1051 738 ipso
1071 695 1172 729 Bono
1191 697 1264 729 sive
1284 696 1375 730 Uno.
1426 697 1644 741 Praeparatio
1663 699 1701 732 fit
1719 712 1782 743 per
1800 701 1971 741 virtutes3

237 765 317 797 quae
336 753 453 796 plures
472 756 575 785 sunt:
604 752 754 785 virtutes
782 753 901 785 civiles
922 752 1049 798 (ἀρεταὶ
1068 754 1252 799 πολιτικαὶ)
1271 755 1471 795 nobiliores,
1490 757 1580 790 aliae.
1634 757 1849 792 Primarium
1869 765 1921 793 est
1939 766 1973 793 et

237 811 338 844 unice
356 810 589 843 necessarium
608 807 763 855 κάθαρσις
784 810 1008 855 (Purgatio):
1037 812 1263 856 Consequens
1283 813 1433 851 ὁμοίωσις
1451 813 1533 860 πρὸς
1552 814 1623 848 Θεὸν
1643 817 1871 855 <adsimilatio
1894 829 1973 851 cum

238 869 314 903 Deo
340 880 374 913 p.
392 870 562 912 12—14).
616 868 897 901 Instrumentum
927 869 1002 913 ejus
1029 870 1298 904 adsimilationis
1318 876 1370 904 est
1388 871 1494 916 λόγος
1513 874 1633 917 (ratio)
1653 879 1687 907 et
1706 874 1810 914 νόησις
1831 876 1975 918 (intelli-

237 927 389 973 gentia).
432 927 557 970 Neque
576 931 694 959 tamen
713 927 942 971 intelligendo
965 932 1026 960 aut
1045 929 1288 962 ratiocinando
1308 932 1499 963 consectari
1525 936 1559 964 et
1577 933 1715 976 assequi
1734 933 1839 966 homo
1858 934 1972 968 Deum

238 986 395 1030 potest&
414 985 473 1018 sed
492 985 548 1018 hic
567 985 640 1028 ipse
659 985 708 1017 illi
729 986 838 1024 adest,
857 996 962 1029 seque
987 986 1053 1029 ipsi
1076 987 1177 1030 quasi
1203 988 1361 1031 impertit
1380 989 1566 1032 (siquidem
1594 990 1700 1024 homo
1726 993 1912 1036 purgando
1939 1004 1974 1026 se

238 1049 272 1078 et
290 1044 517 1077 assimilando
534 1043 600 1077 hoc
618 1044 758 1076 naviter
775 1043 862 1088 egit)
886 1044 1048 1089 παρουσίᾳ
1070 1046 1273 1088 (praesentia
1300 1057 1333 1089 p.
1353 1045 1436 1082 760.
1455 1047 1591 1081 D.E.F.
1645 1048 1748 1082 Unde
1775 1061 1878 1083 nemo
1905 1062 1973 1083 non

238 1103 416 1147 intelligit,
434 1103 610 1136 universae
628 1101 862 1146 philosophia?
882 1101 1106 1142 Plotinianae,
1122 1103 1222 1146 quasi
1241 1104 1393 1137 radicem
1412 1116 1455 1137 ex
1474 1104 1605 1139 Ethica
1623 1108 1750 1145 enasci,
1769 1108 1842 1140 sive
1861 1119 1975 1141 inora-

238 1162 305 1194 lem
325 1161 521 1194 doctrinam
539 1160 716 1193 universae
735 1160 842 1204 hujus
861 1160 1008 1193 rationis
1027 1172 1141 1194 arcem
1161 1164 1261 1205 esse).

288 1218 371 1252 Vim
391 1218 636 1262 appellationis
654 1220 714 1250 τοῦ
732 1217 863 1261 ἀγαθοῦ
881 1218 980 1251 docet
1000 1218 1162 1252 Plotinus
1182 1231 1214 1263 p.
1231 1222 1288 1253 55.
1305 1221 1345 1253 F.
1364 1226 1399 1254 et
1417 1232 1449 1264 p.
1462 1220 1519 1254 61.
1538 1233 1589 1264 sq.
1641 1222 1722 1255 Jam
1750 1224 1895 1268 longum
1923 1230 1975 1258 est

239 1277 379 1316 referre,
399 1288 478 1320 quae.
498 1277 651 1320 plurima
673 1277 765 1309 idem
790 1277 959 1319 praedicat
977 1277 1019 1309 de
1038 1288 1175 1310 summo
1194 1279 1378 1322 principio,
1398 1278 1516 1312 Bono.
1571 1279 1650 1313 Hoc
1669 1285 1861 1322 teneamus,
1880 1283 1915 1315 in
1936 1295 1975 1316 eo

239 1337 350 1368 inesse
370 1346 509 1368 causam
528 1345 646 1368 rerum
665 1334 835 1373 onmium,
854 1345 966 1378 neque
991 1339 1108 1367 tamen
1134 1336 1247 1378 ipsum
1277 1338 1417 1380 proprie
1441 1338 1509 1370 dici
1534 1349 1634 1381 posse
1661 1343 1724 1372 aut
1747 1338 1888 1383 efficere
1914 1346 1976 1374 aut

239 1391 421 1437 cog-itur&
448 1393 561 1436 quid?
589 1404 632 1425 ne
651 1402 727 1425 esse
744 1393 897 1435 quidem.
918 1391 1014 1434 (vid.
1034 1393 1056 1426 l.
1070 1394 1091 1426 l.
1112 1398 1146 1426 et
1165 1405 1197 1437 p.
1214 1396 1296 1428 352.
1312 1395 1370 1439 Β.)
1412 1395 1482 1428 Pro
1507 1396 1687 1430 effectione
1711 1398 1805 1431 enim
1824 1403 1858 1432 et
1882 1411 1976 1432 crea-

239 1452 333 1485 tione
352 1451 514 1484 Plotinus
533 1450 633 1494 ponit
650 1449 743 1482 Boni
762 1447 1034 1483 exuberantiam
1056 1451 1358 1498 (redundantiam)
1378 1454 1478 1498 cujus
1498 1455 1531 1487 vi
1552 1466 1594 1487 ex
1613 1456 1674 1488 illo
1692 1457 1811 1490 omnia
1837 1469 1976 1501 pronia-

237 1510 377 1549 narint;
406 1520 510 1552 quam
538 1509 631 1541 idem
659 1508 728 1541 alio
751 1519 891 1552 quoque
916 1509 1086 1543 vocabulo
1112 1509 1323 1556 περίλαμψιν
1347 1513 1510 1556 appellat,
1533 1513 1606 1545 sive
1630 1513 1805 1559 fulgorem
1833 1527 1973 1559 quaqua

238 1579 359 1602 versus
386 1566 650 1605 circumfusum,
668 1566 902 1599 radiationem
929 1567 966 1600 in
991 1579 1111 1601 omnes
1133 1570 1290 1613 undique
1316 1575 1434 1614 partes
1461 1571 1679 1604 emicantem.
1700 1572 1747 1615 (p.
1768 1574 1849 1609 487.
1870 1574 1973 1618 C.D.)

238 1626 357 1671 Negat
383 1630 499 1658 autem
519 1625 611 1657 idem
631 1624 773 1657 Bonum
792 1635 827 1657 se
846 1625 961 1668 ipsum
981 1626 1135 1671 cogitare
1162 1628 1235 1660 sive
1262 1629 1458 1673 intelligere
1485 1628 1531 1671 (ἓν
1556 1628 1624 1675 ’γὰρ
1650 1628 1687 1662 ὂν
1711 1629 1804 1663 συνὸν
1829 1631 1914 1674 αὐτῷ
1940 1633 1975 1665 οὗ

238 1684 338 1718 δεῖται
367 1685 499 1722 νοήσεως
526 1683 639 1715 ἑαυτοῦ
664 1697 691 1714 κ.
703 1697 735 1715 τ.
751 1686 783 1714 λ.
811 1694 844 1726 p.
867 1682 949 1719 765.
969 1683 1030 1727 A.)
1050 1696 1093 1717 ne
1112 1686 1242 1719 scilicet
1259 1687 1370 1730 ipsius
1389 1687 1563 1720 unitatem
1581 1689 1702 1721 tollere
1721 1689 1757 1721 in
1777 1701 1886 1733 eoque
1905 1689 1976 1736 dg'jl

231 1740 435 1789 ferentium
460 1752 589 1785 ponere
616 1745 773 1786 cogatur.
807 1741 854 1785 (p.
871 1740 953 1778 764.
974 1742 1030 1786 F.)
1077 1742 1127 1776 Et
1145 1745 1313 1788 quoniam
1333 1743 1495 1778 essentia>
1513 1757 1651 1790 quoque
1679 1747 1776 1780 notio
1804 1748 1877 1781 suis
1904 1753 1972 1781 ter-

238 1800 343 1834 minis
370 1800 634 1842 circumscripta
653 1799 745 1832 Boni
773 1799 941 1833 infinitati
969 1800 1189 1846 refragatur:
1216 1803 1308 1836 idem
1335 1804 1423 1836 illud
1450 1814 1527 1837 esse
1552 1800 1975 1850 nonnunquam'quoque

238 1870 367 1904 negare
391 1859 539 1903 cogitur.
592 1857 697 1896 Quod
720 1862 936 1901 postremum
962 1870 1005 1891 ne
1030 1859 1146 1903 inepte
1174 1865 1236 1893 aut
1262 1862 1368 1894 etiam
1395 1862 1536 1895 sinistre
1561 1863 1813 1906 interpreteris,
1832 1869 1975 1897 cautum

238 1922 291 1951 est
317 1917 400 1950 locis
428 1917 517 1955 aliis,
540 1917 637 1949 velut
663 1915 724 1948 ubi
751 1927 929 1949 summum
954 1916 1095 1950 Bonum
1123 1919 1330 1962 explicatur,
1355 1924 1524 1964 tanquam
1552 1921 1666 1964 ipsum
1694 1921 1761 1954 sibi
1789 1922 1974 1961 sufficiens,

239 1976 328 2010 nihil
346 1986 489 2019 prorsus
508 1978 698 2018 appetens3
727 1985 770 2006 ex
789 1985 824 2007 se
843 1974 919 2018 ipso
938 1976 1132 2018 producens
1159 1988 1278 2010 rerum
1304 1978 1461 2011 omnium
1488 1979 1663 2022 principia
1689 1980 1834 2023 reliqua.
1888 1981 1974 2014 Inde

240 2034 412 2078 quidquid
430 2037 493 2072 est,
512 2036 686 2076 quatenus
712 2032 747 2065 in
776 2043 815 2065 eo
839 2037 901 2071 est,
922 2033 1052 2066 bonum
1071 2038 1145 2074 est;
1174 2036 1335 2078 pulcrum
1355 2041 1418 2076 est,
1437 2037 1521 2080 quia
1539 2038 1625 2070 illud
1646 2037 1818 2082 (Bonum)
1840 2043 1892 2072 est
1918 2051 1976 2073 su-

241 2093 462 2136 perpulcrum
486 2090 695 2136 (ὑπέρκειλον)
717 2095 751 2123 et
769 2102 874 2134 super
893 2092 1027 2134 optima
1046 2092 1182 2135 reliqua
1201 2092 1293 2140 (ὑπὲρ
1311 2096 1376 2127 τῶν
1394 2094 1563 2141 ἀρίστων).
1616 2095 1741 2140 Neque
1761 2097 1796 2129 in
1815 2108 1855 2130 eo
1874 2099 1976 2141 quid-

242 2161 348 2195 quam
367 2151 497 2182 malum
517 2153 591 2188 est3
620 2153 742 2192 utpote
760 2149 853 2192 quod
877 2147 1037 2191 (Malean
1057 2150 1149 2194 (lico)
1169 2151 1204 2183 in
1224 2152 1266 2184 iis
1285 2152 1389 2186 rebus
1408 2157 1471 2192 est,
1490 2164 1570 2198 quse
1588 2165 1657 2187 non
1677 2165 1760 2188 vere
1777 2159 1870 2189 sunt.
1907 2156 1975 2190 Est

241 2209 333 2241 enim
354 2205 500 2240 Malum
517 2207 583 2240 hoc
599 2207 676 2250 ipso
694 2208 838 2245 malum,
858 2207 950 2250 quod
971 2218 1054 2241 vera
1072 2209 1223 2242 essentia
1241 2214 1346 2243 caret.
1378 2210 1428 2254 (p.
1449 2213 1471 2247 7
1475 2214 1506 2244 2.
1526 2213 1614 2255 seq.)

291 2263 459 2298 Alterum
480 2263 703 2310 principium
730 2265 906 2308 primique
932 2266 1097 2309 principii
1125 2267 1352 2301 simulacrum
1380 2274 1432 2302 est
1458 2270 1475 2302 ὁ
1504 2272 1570 2304 νοῦς
1590 2269 1745 2315 (Mens),
1770 2272 1820 2305 ita
1846 2284 1889 2306 ex
1916 2274 1975 2307 illo

242 2324 357 2367 primo
374 2323 525 2355 existens
543 2334 582 2356 ac
599 2322 788 2366 profluens,
803 2327 843 2355 ut
862 2324 948 2356 illud
968 2324 1033 2356 hac
1047 2325 1147 2367 quasi
1167 2326 1360 2371 propagine
1378 2338 1421 2360 ne
1440 2328 1624 2361 minimum
1646 2330 1786 2372 quidem
1808 2335 1974 2364 mutetur.

243 2382 310 2415 Sed
337 2392 435 2413 mens
463 2381 534 2413 sive
554 2379 679 2425 prima
705 2378 910 2424 dg'ffiwcnlia
933 2381 1112 2427 (ἑτερότης)
1131 2385 1307 2427 quomodo
1334 2385 1377 2418 ab
1404 2386 1480 2429 ipso
1505 2386 1606 2419 Bono
1633 2388 1797 2427 manarit,
1817 2393 1851 2421 et
1875 2390 1974 2433 quasi

242 2439 426 2484 progenita
454 2439 510 2477 sit,
529 2438 670 2471 uberius
697 2440 904 2482 explicatur.
933 2439 979 2483 (p.
1000 2442 1082 2474 488.
1107 2446 1141 2474 et
1168 2453 1200 2485 p.
1221 2443 1302 2479 493.
1322 2442 1412 2487 sqq.)
1470 2444 1544 2477 Nec
1562 2445 1666 2478 aliam
1687 2445 1731 2478 ob
1749 2457 1889 2479 causam
1910 2449 1976 2480 νοῦς

244 2496 371 2539 (mens)
391 2500 425 2529 et
443 2496 615 2539 quidquid
642 2497 686 2529 ad
711 2508 790 2530 eum
817 2498 971 2541 pertinet
990 2498 1172 2533 Platonico
1198 2501 1367 2534 vocabulo
1389 2502 1519 2535 dicitur
1536 2502 1738 2546 ἁγαθοειδὴς,
1757 2505 1856 2547 quasi
1881 2505 1974 2536 dicas

285 2625 299 2638 '¹³
323 2623 476 2650 Sinlilliwa
499 2622 580 2658 ponit
600 2621 736 2648 Indorum
759 2622 948 2660 Philosophus
970 2625 998 2652 in
1022 2635 1083 2652 car·
1135 2627 1319 2663 Interpretat.
1340 2634 1368 2655 et
1389 2629 1529 2665 Explicat.
1546 2630 1730 2657 vernaculam
1753 2631 1813 2666 ejus
1835 2629 1975 2665 poematis

244 2665 321 2692 mine
338 2663 577 2701 Bhagavad-gita.
621 2662 746 2689 Consule
768 2662 844 2690 Guil.
868 2664 903 2691 ab
923 2665 1084 2693 Humboldt
1135 2676 1161 2703 p.
1179 2667 1225 2701 36.

1170 2716 1233 2748 (12
