<?xml version="1.0" encoding="UTF-8"?>
<!DOCTYPE html PUBLIC "-//W3C//DTD XHTML 1.0 Transitional//EN"
    "http://www.w3.org/TR/xhtml1/DTD/xhtml1-transitional.dtd">
<html xmlns="http://www.w3.org/1999/xhtml" xml:lang="en" lang="en">
 <head>
  <title>
</title>
<meta http-equiv="Content-Type" content="text/html;charset=utf-8" />
  <meta name='ocr-system' content='tesseract 3.04.00' />
  <meta name='ocr-capabilities' content='ocr_page ocr_carea ocr_par ocr_line ocrx_word'/>
</head>
<body>
  <div class='ocr_page' id='page_1' title='image "./plotinioperaomni01plotuoft_0048.png"; bbox 0 0 2201 2990; ppageno 0'>
   <div class='ocr_carea' id='block_1_1' title="bbox 736 145 1448 182">
    <p class='ocr_par' dir='ltr' id='par_1_1' title="bbox 736 145 1448 182">
     <span class='ocr_line' id='line_1_1' title="bbox 736 145 1448 182; baseline -0.003 -1"><span class='ocrx_word' id='word_1_1' title='bbox 736 146 1130 182; x_wconf 89' lang='lat' dir='ltr'>PROLEGOMENA</span> <span class='ocrx_word' id='word_1_2' title='bbox 1157 145 1448 180; x_wconf 89' lang='lat' dir='ltr'><strong>LITERARIA</strong></span> 
     </span>
    </p>
   </div>
   <div class='ocr_carea' id='block_1_2' title="bbox 230 151 337 183">
    <p class='ocr_par' dir='ltr' id='par_1_2' title="bbox 230 151 337 183">
     <span class='ocr_line' id='line_1_2' title="bbox 230 151 337 183; baseline -0.009 0"><span class='ocrx_word' id='word_1_3' title='bbox 230 151 337 183; x_wconf 74' lang='lat' dir='ltr'>xxxx-i</span> 
     </span>
    </p>
   </div>
   <div class='ocr_carea' id='block_1_3' title="bbox 236 247 1965 580">
    <p class='ocr_par' dir='ltr' id='par_1_3' title="bbox 284 247 1020 282">
     <span class='ocr_line' id='line_1_3' title="bbox 284 247 1020 282; baseline -0.003 0"><span class='ocrx_word' id='word_1_4' title='bbox 284 248 352 282; x_wconf 91' lang='lat' dir='ltr'>IX.</span> <span class='ocrx_word' id='word_1_5' title='bbox 380 247 616 281; x_wconf 85' lang='lat' dir='ltr'>EDITIONES</span> <span class='ocrx_word' id='word_1_6' title='bbox 635 247 815 280; x_wconf 82' lang='lat' dir='ltr'>PL0T1N1</span> <span class='ocrx_word' id='word_1_7' title='bbox 836 256 1020 280; x_wconf 78' lang='lat' dir='ltr'><strong>OPERUM.</strong></span> 
     </span>
    </p>

    <p class='ocr_par' dir='ltr' id='par_1_4' title="bbox 236 301 1965 580">
     <span class='ocr_line' id='line_1_4' title="bbox 284 301 1961 349; baseline -0.002 -9"><span class='ocrx_word' id='word_1_8' title='bbox 284 306 520 341; x_wconf 83' lang='lat' dir='ltr'>Graecolatina</span> <span class='ocrx_word' id='word_1_9' title='bbox 539 306 642 339; x_wconf 86' lang='lat' dir='ltr'>unica</span> <span class='ocrx_word' id='word_1_10' title='bbox 658 305 826 339; x_wconf 87' lang='lat' dir='ltr'>hactenus</span> <span class='ocrx_word' id='word_1_11' title='bbox 844 305 976 349; x_wconf 87' lang='lat' dir='ltr'>prodiit</span> <span class='ocrx_word' id='word_1_12' title='bbox 994 316 1072 338; x_wconf 82' lang='lat' dir='ltr'>cum</span> <span class='ocrx_word' id='word_1_13' title='bbox 1093 305 1250 338; x_wconf 89' lang='lat' dir='ltr'>versione</span> <span class='ocrx_word' id='word_1_14' title='bbox 1277 308 1311 337; x_wconf 85' lang='lat' dir='ltr'>et</span> <span class='ocrx_word' id='word_1_15' title='bbox 1329 303 1546 348; x_wconf 77' lang='lat' dir='ltr'>argumentis</span> <span class='ocrx_word' id='word_1_16' title='bbox 1567 307 1672 347; x_wconf 90' lang='lat' dir='ltr'>atque</span> <span class='ocrx_word' id='word_1_17' title='bbox 1696 304 1831 348; x_wconf 86' lang='lat' dir='ltr'>analysi</span> <span class='ocrx_word' id='word_1_18' title='bbox 1850 301 1961 336; x_wconf 58' lang='lat' dir='ltr'>Illar-</span> 
     </span>
     <span class='ocr_line' id='line_1_5' title="bbox 236 361 1963 407; baseline -0.002 -9"><span class='ocrx_word' id='word_1_19' title='bbox 236 363 310 398; x_wconf 67' lang='lat' dir='ltr'>Silii</span> <span class='ocrx_word' id='word_1_20' title='bbox 323 362 450 398; x_wconf 76' lang='lat' dir='ltr'>Ficini</span> <span class='ocrx_word' id='word_1_21' title='bbox 466 364 576 398; x_wconf 89' lang='lat' dir='ltr'>Basil.</span> <span class='ocrx_word' id='word_1_22' title='bbox 593 365 687 397; x_wconf 88' lang='grc'>1580</span> <span class='ocrx_word' id='word_1_23' title='bbox 702 363 760 397; x_wconf 90' lang='lat' dir='ltr'>fol.</span> <span class='ocrx_word' id='word_1_24' title='bbox 780 364 824 397; x_wconf 87' lang='lat' dir='ltr'>ad</span> <span class='ocrx_word' id='word_1_25' title='bbox 842 363 1013 396; x_wconf 85' lang='lat' dir='ltr'>Perneam</span> <span class='ocrx_word' id='word_1_26' title='bbox 1033 362 1244 407; x_wconf 78' lang='lat' dir='ltr'>Lecythtnn,</span> <span class='ocrx_word' id='word_1_27' title='bbox 1261 361 1327 395; x_wconf 89' lang='lat' dir='ltr'>hoc</span> <span class='ocrx_word' id='word_1_28' title='bbox 1344 366 1396 394; x_wconf 84' lang='lat' dir='ltr'>est</span> <span class='ocrx_word' id='word_1_29' title='bbox 1414 373 1456 394; x_wconf 90' lang='lat' dir='ltr'>ex</span> <span class='ocrx_word' id='word_1_30' title='bbox 1475 361 1611 394; x_wconf 87' lang='lat' dir='ltr'>officina</span> <span class='ocrx_word' id='word_1_31' title='bbox 1629 362 1727 395; x_wconf 88' lang='lat' dir='ltr'>Petri</span> <span class='ocrx_word' id='word_1_32' title='bbox 1746 362 1884 402; x_wconf 81' lang='lat' dir='ltr'>Pernae,</span> <span class='ocrx_word' id='word_1_33' title='bbox 1902 362 1963 405; x_wconf 89' lang='lat' dir='ltr'>qui</span> 
     </span>
     <span class='ocr_line' id='line_1_6' title="bbox 237 419 1964 464; baseline -0.002 -8"><span class='ocrx_word' id='word_1_34' title='bbox 237 423 388 456; x_wconf 86' lang='lat' dir='ltr'>codicem</span> <span class='ocrx_word' id='word_1_35' title='bbox 414 422 577 456; x_wconf 74' lang='lat' dir='ltr'>Graecum</span> <span class='ocrx_word' id='word_1_36' title='bbox 606 422 777 455; x_wconf 88' lang='lat' dir='ltr'>utendum</span> <span class='ocrx_word' id='word_1_37' title='bbox 802 421 935 464; x_wconf 88' lang='lat' dir='ltr'>accepit</span> <span class='ocrx_word' id='word_1_38' title='bbox 958 432 979 453; x_wconf 87' lang='lat' dir='ltr'>a</span> <span class='ocrx_word' id='word_1_39' title='bbox 1004 420 1086 454; x_wconf 89' lang='lat' dir='ltr'>Joh.</span> <span class='ocrx_word' id='word_1_40' title='bbox 1105 419 1309 453; x_wconf 62' lang='lat' dir='ltr'>Sambucov.</span> <span class='ocrx_word' id='word_1_41' title='bbox 1362 419 1397 452; x_wconf 93' lang='lat' dir='ltr'>Is</span> <span class='ocrx_word' id='word_1_42' title='bbox 1424 419 1532 452; x_wconf 85' lang='lat' dir='ltr'>codex</span> <span class='ocrx_word' id='word_1_43' title='bbox 1558 419 1661 452; x_wconf 88' lang='lat' dir='ltr'>hodie</span> <span class='ocrx_word' id='word_1_44' title='bbox 1687 425 1803 453; x_wconf 83' lang='lat' dir='ltr'>exstat</span> <span class='ocrx_word' id='word_1_45' title='bbox 1820 421 1857 453; x_wconf 88' lang='lat' dir='ltr'>in</span> <span class='ocrx_word' id='word_1_46' title='bbox 1880 420 1964 453; x_wconf 90' lang='lat' dir='ltr'>bibl.</span> 
     </span>
     <span class='ocr_line' id='line_1_7' title="bbox 237 475 1964 524; baseline -0.002 -10"><span class='ocrx_word' id='word_1_47' title='bbox 237 480 399 514; x_wconf 89' lang='lat' dir='ltr'>Caesarea</span> <span class='ocrx_word' id='word_1_48' title='bbox 417 484 504 513; x_wconf 84' lang='lat' dir='ltr'>teste</span> <span class='ocrx_word' id='word_1_49' title='bbox 522 479 711 513; x_wconf 88' lang='lat' dir='ltr'>Lambecio</span> <span class='ocrx_word' id='word_1_50' title='bbox 728 478 814 512; x_wconf 90' lang='lat' dir='ltr'><strong>VII.</strong></span> <span class='ocrx_word' id='word_1_51' title='bbox 839 490 872 522; x_wconf 87' lang='lat' dir='ltr'>p.</span> <span class='ocrx_word' id='word_1_52' title='bbox 893 480 950 511; x_wconf 80' lang='lat'><strong>21.</strong></span> <span class='ocrx_word' id='word_1_53' title='bbox 971 478 1024 524; x_wconf 91' lang='lat' dir='ltr'>[p.</span> <span class='ocrx_word' id='word_1_54' title='bbox 1044 480 1102 511; x_wconf 81' lang='lat'><strong>43.</strong></span> <span class='ocrx_word' id='word_1_55' title='bbox 1121 490 1195 522; x_wconf 85' lang='lat' dir='ltr'>sqq.</span> <span class='ocrx_word' id='word_1_56' title='bbox 1215 478 1297 511; x_wconf 83' lang='lat' dir='ltr'>edit.</span> <span class='ocrx_word' id='word_1_57' title='bbox 1316 475 1486 521; x_wconf 87' lang='lat' dir='ltr'>Kollarii]</span> <span class='ocrx_word' id='word_1_58' title='bbox 1510 477 1568 510; x_wconf 89' lang='lat' dir='ltr'>ubi</span> <span class='ocrx_word' id='word_1_59' title='bbox 1590 482 1771 517; x_wconf 84' lang='lat' dir='ltr'>memorat,</span> <span class='ocrx_word' id='word_1_60' title='bbox 1790 479 1827 511; x_wconf 88' lang='lat' dir='ltr'>in</span> <span class='ocrx_word' id='word_1_61' title='bbox 1844 479 1964 511; x_wconf 88' lang='lat' dir='ltr'>eodem</span> 
     </span>
     <span class='ocr_line' id='line_1_8' title="bbox 238 535 1965 580; baseline -0.002 -8"><span class='ocrx_word' id='word_1_62' title='bbox 238 538 316 572; x_wconf 89' lang='lat' dir='ltr'>MS.</span> <span class='ocrx_word' id='word_1_63' title='bbox 335 539 422 571; x_wconf 89' lang='lat' dir='ltr'>duas</span> <span class='ocrx_word' id='word_1_64' title='bbox 449 538 593 580; x_wconf 85' lang='lat' dir='ltr'>insuper</span> <span class='ocrx_word' id='word_1_65' title='bbox 618 541 756 570; x_wconf 85' lang='lat' dir='ltr'>exstare</span> <span class='ocrx_word' id='word_1_66' title='bbox 781 536 1043 569; x_wconf 83' lang='lat' dir='ltr'><strong>dissertationes</strong></span> <span class='ocrx_word' id='word_1_67' title='bbox 1068 537 1365 569; x_wconf 84' lang='lat' dir='ltr'>extraordinarias</span> <span class='ocrx_word' id='word_1_68' title='bbox 1390 535 1591 580; x_wconf 82' lang='lat' dir='ltr'>Porphyrio</span> <span class='ocrx_word' id='word_1_69' title='bbox 1618 547 1686 568; x_wconf 91' lang='lat' dir='ltr'>non</span> <span class='ocrx_word' id='word_1_70' title='bbox 1716 540 1965 575; x_wconf 71' lang='lat' dir='ltr'>memoratasw,</span> 
     </span>
    </p>
   </div>
   <div class='ocr_carea' id='block_1_4' title="bbox 238 595 834 639">
    <p class='ocr_par' dir='ltr' id='par_1_5' title="bbox 238 595 834 639">
     <span class='ocr_line' id='line_1_9' title="bbox 238 595 834 639; baseline -0.003 -10"><span class='ocrx_word' id='word_1_71' title='bbox 238 608 300 630; x_wconf 89' lang='lat' dir='ltr'>nec</span> <span class='ocrx_word' id='word_1_72' title='bbox 326 602 443 629; x_wconf 88' lang='lat' dir='ltr'>tamen</span> <span class='ocrx_word' id='word_1_73' title='bbox 469 595 610 628; x_wconf 90' lang='lat' dir='ltr'>Plotino</span> <span class='ocrx_word' id='word_1_74' title='bbox 637 595 834 639; x_wconf 71' lang='lat' dir='ltr'>indignasx.</span> 
     </span>
    </p>
   </div>
   <div class='ocr_carea' id='block_1_5' title="bbox 238 723 1092 2451">
    <p class='ocr_par' dir='ltr' id='par_1_6' title="bbox 239 723 1080 881">
     <span class='ocr_line' id='line_1_10' title="bbox 281 723 1078 761; baseline -0.003 -9"><span class='ocrx_word' id='word_1_75' title='bbox 281 730 294 743; x_wconf 80' lang='lat' dir='ltr'>V</span> <span class='ocrx_word' id='word_1_76' title='bbox 307 725 398 752; x_wconf 87' lang='lat' dir='ltr'>Perna</span> <span class='ocrx_word' id='word_1_77' title='bbox 414 730 511 751; x_wconf 84' lang='lat' dir='ltr'>tamen</span> <span class='ocrx_word' id='word_1_78' title='bbox 527 724 554 750; x_wconf 92' lang='lat' dir='ltr'>in</span> <span class='ocrx_word' id='word_1_79' title='bbox 569 723 691 751; x_wconf 76' lang='lat' dir='ltr'>dedicat.</span> <span class='ocrx_word' id='word_1_80' title='bbox 703 723 738 750; x_wconf 86' lang='lat' dir='ltr'>ad</span> <span class='ocrx_word' id='word_1_81' title='bbox 750 729 882 750; x_wconf 87' lang='lat' dir='ltr'>senatum</span> <span class='ocrx_word' id='word_1_82' title='bbox 894 723 1078 761; x_wconf 85' lang='lat' dir='ltr'>Norimberg.</span> 
     </span>
     <span class='ocr_line' id='line_1_11' title="bbox 240 763 1079 800; baseline -0.002 -8"><span class='ocrx_word' id='word_1_83' title='bbox 240 776 268 793; x_wconf 88' lang='lat' dir='ltr'>se</span> <span class='ocrx_word' id='word_1_84' title='bbox 288 775 346 792; x_wconf 90' lang='lat' dir='ltr'>non</span> <span class='ocrx_word' id='word_1_85' title='bbox 366 765 459 791; x_wconf 86' lang='lat' dir='ltr'>solum</span> <span class='ocrx_word' id='word_1_86' title='bbox 475 764 544 791; x_wconf 79' lang='lat' dir='ltr'>eod.</span> <span class='ocrx_word' id='word_1_87' title='bbox 562 764 700 791; x_wconf 85' lang='lat' dir='ltr'>Samhuci</span> <span class='ocrx_word' id='word_1_88' title='bbox 718 764 767 791; x_wconf 89' lang='lat' dir='ltr'>sed</span> <span class='ocrx_word' id='word_1_89' title='bbox 783 764 873 791; x_wconf 90' lang='lat' dir='ltr'>tribus</span> <span class='ocrx_word' id='word_1_90' title='bbox 889 773 1004 800; x_wconf 89' lang='lat' dir='ltr'>quoque</span> <span class='ocrx_word' id='word_1_91' title='bbox 1020 763 1079 790; x_wconf 88' lang='lat' dir='ltr'>Ita-</span> 
     </span>
     <span class='ocr_line' id='line_1_12' title="bbox 239 803 1080 840; baseline -0.002 -7"><span class='ocrx_word' id='word_1_92' title='bbox 239 806 301 834; x_wconf 90' lang='lat' dir='ltr'>licis</span> <span class='ocrx_word' id='word_1_93' title='bbox 313 815 395 831; x_wconf 86' lang='lat' dir='ltr'>usum</span> <span class='ocrx_word' id='word_1_94' title='bbox 409 814 469 831; x_wconf 87' lang='lat' dir='ltr'>esse</span> <span class='ocrx_word' id='word_1_95' title='bbox 483 804 633 840; x_wconf 87' lang='lat' dir='ltr'>profitetur</span> <span class='ocrx_word' id='word_1_96' title='bbox 642 804 726 831; x_wconf 83' lang='lat' dir='ltr'>Harl.</span> <span class='ocrx_word' id='word_1_97' title='bbox 755 804 930 840; x_wconf 81' lang='lat' dir='ltr'>[Notaverat</span> <span class='ocrx_word' id='word_1_98' title='bbox 939 803 1080 831; x_wconf 82' lang='lat' dir='ltr'>Villoison</span> 
     </span>
     <span class='ocr_line' id='line_1_13' title="bbox 241 844 852 881; baseline -0.003 -8"><span class='ocrx_word' id='word_1_99' title='bbox 241 848 269 873; x_wconf 88' lang='lat' dir='ltr'>in</span> <span class='ocrx_word' id='word_1_100' title='bbox 283 845 437 873; x_wconf 84' lang='lat' dir='ltr'>Anecdott.</span> <span class='ocrx_word' id='word_1_101' title='bbox 455 845 520 872; x_wconf 88' lang='lat' dir='ltr'>Grr.</span> <span class='ocrx_word' id='word_1_102' title='bbox 537 844 574 871; x_wconf 90' lang='lat' dir='ltr'>II.</span> <span class='ocrx_word' id='word_1_103' title='bbox 595 854 620 881; x_wconf 88' lang='lat' dir='ltr'>p.</span> <span class='ocrx_word' id='word_1_104' title='bbox 639 853 703 880; x_wconf 79' lang='lat'><strong>225.</strong></span> <span class='ocrx_word' id='word_1_105' title='bbox 719 854 762 881; x_wconf 85' lang='lat' dir='ltr'>sq.</span> <span class='ocrx_word' id='word_1_106' title='bbox 791 844 852 880; x_wconf 60' lang='lat' dir='ltr'>Ciu]</span> 
     </span>
    </p>

    <p class='ocr_par' dir='ltr' id='par_1_7' title="bbox 241 885 1081 1203">
     <span class='ocr_line' id='line_1_14' title="bbox 281 885 1078 922; baseline -0.004 -10"><span class='ocrx_word' id='word_1_107' title='bbox 281 891 301 905; x_wconf 75' lang='lat' dir='ltr'>W</span> <span class='ocrx_word' id='word_1_108' title='bbox 317 886 412 913; x_wconf 81' lang='lat' dir='ltr'>Etiam</span> <span class='ocrx_word' id='word_1_109' title='bbox 429 895 492 922; x_wconf 87' lang='lat' dir='ltr'>quae</span> <span class='ocrx_word' id='word_1_110' title='bbox 513 895 545 912; x_wconf 85' lang='lat' dir='ltr'>ex</span> <span class='ocrx_word' id='word_1_111' title='bbox 563 885 635 912; x_wconf 88' lang='lat' dir='ltr'>libro</span> <span class='ocrx_word' id='word_1_112' title='bbox 654 885 781 912; x_wconf 86' lang='lat' dir='ltr'>secundo</span> <span class='ocrx_word' id='word_1_113' title='bbox 797 885 902 912; x_wconf 86' lang='lat' dir='ltr'>Plotini</span> <span class='ocrx_word' id='word_1_114' title='bbox 917 886 973 920; x_wconf 78' lang='grc' dir='ltr'>περὶ</span> <span class='ocrx_word' id='word_1_115' title='bbox 988 885 1078 911; x_wconf 76' lang='grc' dir='ltr'>ἀθανα-</span> 
     </span>
     <span class='ocr_line' id='line_1_15' title="bbox 241 925 1080 962; baseline -0.002 -9"><span class='ocrx_word' id='word_1_116' title='bbox 241 928 298 954; x_wconf 78' lang='grc' dir='ltr'>σίας</span> <span class='ocrx_word' id='word_1_117' title='bbox 312 928 356 959; x_wconf 74' lang='grc' dir='ltr'>τῆς</span> <span class='ocrx_word' id='word_1_118' title='bbox 371 927 459 960; x_wconf 79' lang='grc' dir='ltr'><strong><em>ψυχῆς</em></strong></span> <span class='ocrx_word' id='word_1_119' title='bbox 474 925 591 962; x_wconf 80' lang='lat' dir='ltr'>profert,</span> <span class='ocrx_word' id='word_1_120' title='bbox 605 925 738 952; x_wconf 76' lang='lat' dir='ltr'><strong><em>Eusebius</em></strong></span> <span class='ocrx_word' id='word_1_121' title='bbox 751 925 815 952; x_wconf 91' lang='lat' dir='ltr'>XV.</span> <span class='ocrx_word' id='word_1_122' title='bbox 832 934 872 952; x_wconf 84' lang='lat'>10.</span> <span class='ocrx_word' id='word_1_123' title='bbox 888 931 1038 962; x_wconf 60' lang='lat' dir='ltr'>praeparat.</span> <span class='ocrx_word' id='word_1_124' title='bbox 1051 925 1080 951; x_wconf 89' lang='lat' dir='ltr'>in</span> 
     </span>
     <span class='ocr_line' id='line_1_16' title="bbox 242 965 1080 1003; baseline -0.002 -9"><span class='ocrx_word' id='word_1_125' title='bbox 242 967 346 994; x_wconf 89' lang='lat' dir='ltr'>Plotini</span> <span class='ocrx_word' id='word_1_126' title='bbox 368 966 532 994; x_wconf 85' lang='lat' dir='ltr'>novenariis</span> <span class='ocrx_word' id='word_1_127' title='bbox 555 965 638 992; x_wconf 84' lang='lat' dir='ltr'>editis</span> <span class='ocrx_word' id='word_1_128' title='bbox 660 975 719 993; x_wconf 91' lang='lat' dir='ltr'>non</span> <span class='ocrx_word' id='word_1_129' title='bbox 739 972 861 996; x_wconf 87' lang='lat' dir='ltr'>exstant,</span> <span class='ocrx_word' id='word_1_130' title='bbox 878 971 909 992; x_wconf 87' lang='lat' dir='ltr'>ut</span> <span class='ocrx_word' id='word_1_131' title='bbox 921 968 980 1003; x_wconf 84' lang='lat' dir='ltr'>jam</span> <span class='ocrx_word' id='word_1_132' title='bbox 997 975 1080 1001; x_wconf 79' lang='lat' dir='ltr'>supra</span> 
     </span>
     <span class='ocr_line' id='line_1_17' title="bbox 242 1006 1079 1043; baseline -0.002 -9"><span class='ocrx_word' id='word_1_133' title='bbox 242 1007 341 1035; x_wconf 84' lang='lat' dir='ltr'>monui</span> <span class='ocrx_word' id='word_1_134' title='bbox 360 1007 426 1043; x_wconf 86' lang='lat' dir='ltr'>[Illa</span> <span class='ocrx_word' id='word_1_135' title='bbox 441 1006 602 1034; x_wconf 84' lang='lat' dir='ltr'>Plotiniana</span> <span class='ocrx_word' id='word_1_136' title='bbox 617 1006 692 1042; x_wconf 87' lang='lat' dir='ltr'>apud</span> <span class='ocrx_word' id='word_1_137' title='bbox 707 1006 864 1033; x_wconf 82' lang='lat' dir='ltr'>Eusebium</span> <span class='ocrx_word' id='word_1_138' title='bbox 882 1012 995 1033; x_wconf 62' lang='lat' dir='ltr'>exstant</span> <span class='ocrx_word' id='word_1_139' title='bbox 1010 1015 1079 1042; x_wconf 90' lang='lat' dir='ltr'>quo-</span> 
     </span>
     <span class='ocr_line' id='line_1_18' title="bbox 242 1046 1080 1084; baseline -0.004 -9"><span class='ocrx_word' id='word_1_140' title='bbox 242 1058 297 1084; x_wconf 90' lang='lat' dir='ltr'>que</span> <span class='ocrx_word' id='word_1_141' title='bbox 312 1047 493 1074; x_wconf 79' lang='lat' dir='ltr'>Vindobonae</span> <span class='ocrx_word' id='word_1_142' title='bbox 515 1047 543 1073; x_wconf 90' lang='lat' dir='ltr'>in</span> <span class='ocrx_word' id='word_1_143' title='bbox 566 1046 629 1073; x_wconf 88' lang='lat' dir='ltr'>cod.</span> <span class='ocrx_word' id='word_1_144' title='bbox 647 1046 766 1073; x_wconf 81' lang='lat' dir='ltr'>Caesareo</span> <span class='ocrx_word' id='word_1_145' title='bbox 787 1046 839 1073; x_wconf 89' lang='lat' dir='ltr'>XI.</span> <span class='ocrx_word' id='word_1_146' title='bbox 863 1051 919 1073; x_wconf 64' lang='lat' dir='ltr'>nso.</span> <span class='ocrx_word' id='word_1_147' title='bbox 937 1047 964 1073; x_wconf 82' lang='lat'><strong>6.</strong></span> <span class='ocrx_word' id='word_1_148' title='bbox 988 1056 1015 1082; x_wconf 87' lang='lat' dir='ltr'>p.</span> <span class='ocrx_word' id='word_1_149' title='bbox 1034 1054 1080 1081; x_wconf 82' lang='lat'>73.</span> 
     </span>
     <span class='ocr_line' id='line_1_19' title="bbox 243 1086 1081 1122; baseline -0.002 -7"><span class='ocrx_word' id='word_1_150' title='bbox 243 1088 379 1118; x_wconf 85' lang='lat' dir='ltr'>Kollarii;</span> <span class='ocrx_word' id='word_1_151' title='bbox 403 1094 431 1115; x_wconf 92' lang='lat' dir='ltr'>et</span> <span class='ocrx_word' id='word_1_152' title='bbox 447 1087 510 1114; x_wconf 84' lang='lat' dir='ltr'>cod.</span> <span class='ocrx_word' id='word_1_153' title='bbox 527 1086 607 1113; x_wconf 88' lang='lat' dir='ltr'><strong>XIV.</strong></span> <span class='ocrx_word' id='word_1_154' title='bbox 623 1096 665 1113; x_wconf 82' lang='lat' dir='ltr'>nr.</span> <span class='ocrx_word' id='word_1_155' title='bbox 678 1095 706 1121; x_wconf 86' lang='lat'>4.</span> <span class='ocrx_word' id='word_1_156' title='bbox 722 1096 749 1122; x_wconf 89' lang='lat' dir='ltr'>p.</span> <span class='ocrx_word' id='word_1_157' title='bbox 763 1086 810 1112; x_wconf 80' lang='lat'><strong>80.</strong></span> <span class='ocrx_word' id='word_1_158' title='bbox 826 1095 871 1122; x_wconf 83' lang='lat'>29.</span> <span class='ocrx_word' id='word_1_159' title='bbox 910 1086 942 1113; x_wconf 90' lang='lat' dir='ltr'>ln</span> <span class='ocrx_word' id='word_1_160' title='bbox 959 1092 1081 1121; x_wconf 83' lang='lat' dir='ltr'>utroque</span> 
     </span>
     <span class='ocr_line' id='line_1_20' title="bbox 242 1126 1080 1164; baseline -0.002 -9"><span class='ocrx_word' id='word_1_161' title='bbox 242 1129 305 1155; x_wconf 84' lang='lat' dir='ltr'>cod.</span> <span class='ocrx_word' id='word_1_162' title='bbox 322 1134 389 1154; x_wconf 88' lang='lat' dir='ltr'>sunt</span> <span class='ocrx_word' id='word_1_163' title='bbox 405 1137 519 1164; x_wconf 87' lang='lat' dir='ltr'>quoque</span> <span class='ocrx_word' id='word_1_164' title='bbox 537 1127 565 1153; x_wconf 90' lang='lat' dir='ltr'>in</span> <span class='ocrx_word' id='word_1_165' title='bbox 581 1127 681 1154; x_wconf 86' lang='lat' dir='ltr'>iisdem</span> <span class='ocrx_word' id='word_1_166' title='bbox 699 1127 839 1163; x_wconf 80' lang='lat' dir='ltr'>excerptis</span> <span class='ocrx_word' id='word_1_167' title='bbox 855 1136 887 1154; x_wconf 85' lang='lat' dir='ltr'>ex</span> <span class='ocrx_word' id='word_1_168' title='bbox 903 1126 1019 1153; x_wconf 81' lang='lat' dir='ltr'>Eusebii</span> <span class='ocrx_word' id='word_1_169' title='bbox 1036 1127 1080 1153; x_wconf 94' lang='lat' dir='ltr'>Pr.</span> 
     </span>
     <span class='ocr_line' id='line_1_21' title="bbox 244 1167 1081 1203; baseline -0.002 -8"><span class='ocrx_word' id='word_1_170' title='bbox 244 1170 296 1196; x_wconf 80' lang='lat' dir='ltr'><strong>Ev.</strong></span> <span class='ocrx_word' id='word_1_171' title='bbox 313 1168 474 1203; x_wconf 71' lang='lat' dir='ltr'>fragmenta</span> <span class='ocrx_word' id='word_1_172' title='bbox 489 1167 592 1194; x_wconf 89' lang='lat' dir='ltr'>Plotini</span> <span class='ocrx_word' id='word_1_173' title='bbox 608 1167 643 1194; x_wconf 90' lang='lat' dir='ltr'>de</span> <span class='ocrx_word' id='word_1_174' title='bbox 658 1167 785 1194; x_wconf 79' lang='lat' dir='ltr'>secundo</span> <span class='ocrx_word' id='word_1_175' title='bbox 801 1167 954 1203; x_wconf 83' lang='lat' dir='ltr'>Principio.</span> <span class='ocrx_word' id='word_1_176' title='bbox 981 1167 1081 1202; x_wconf 62' lang='lat' dir='ltr'>Harl]</span> 
     </span>
    </p>

    <p class='ocr_par' dir='ltr' id='par_1_8' title="bbox 243 1207 1082 1285">
     <span class='ocr_line' id='line_1_22' title="bbox 284 1207 1082 1244; baseline -0.001 -9"><span class='ocrx_word' id='word_1_177' title='bbox 284 1214 297 1228; x_wconf 64' lang='lat' dir='ltr'>x</span> <span class='ocrx_word' id='word_1_178' title='bbox 313 1209 369 1236; x_wconf 81' lang='lat' dir='ltr'>Sed</span> <span class='ocrx_word' id='word_1_179' title='bbox 382 1214 448 1235; x_wconf 87' lang='lat' dir='ltr'>sunt</span> <span class='ocrx_word' id='word_1_180' title='bbox 461 1208 489 1235; x_wconf 91' lang='lat' dir='ltr'>in</span> <span class='ocrx_word' id='word_1_181' title='bbox 502 1208 594 1239; x_wconf 77' lang='lat' dir='ltr'>editis,</span> <span class='ocrx_word' id='word_1_182' title='bbox 608 1208 664 1235; x_wconf 86' lang='lat' dir='ltr'>vid.</span> <span class='ocrx_word' id='word_1_183' title='bbox 681 1208 793 1234; x_wconf 87' lang='lat' dir='ltr'>Grimm.</span> <span class='ocrx_word' id='word_1_184' title='bbox 807 1208 972 1235; x_wconf 84' lang='lat' dir='ltr'>Comment.</span> <span class='ocrx_word' id='word_1_185' title='bbox 986 1207 1082 1244; x_wconf 80' lang='lat' dir='ltr'>paullo</span> 
     </span>
     <span class='ocr_line' id='line_1_23' title="bbox 243 1248 759 1285; baseline -0.002 -9"><span class='ocrx_word' id='word_1_186' title='bbox 243 1249 317 1276; x_wconf 81' lang='lat' dir='ltr'>infra</span> <span class='ocrx_word' id='word_1_187' title='bbox 331 1249 476 1276; x_wconf 78' lang='lat' dir='ltr'>laudatam</span> <span class='ocrx_word' id='word_1_188' title='bbox 492 1258 520 1285; x_wconf 92' lang='lat' dir='ltr'>p.</span> <span class='ocrx_word' id='word_1_189' title='bbox 537 1256 564 1284; x_wconf 87' lang='lat'>5.</span> <span class='ocrx_word' id='word_1_190' title='bbox 581 1254 610 1275; x_wconf 89' lang='lat' dir='ltr'>et</span> <span class='ocrx_word' id='word_1_191' title='bbox 625 1248 651 1275; x_wconf 84' lang='lat'>6.</span> <span class='ocrx_word' id='word_1_192' title='bbox 675 1248 759 1275; x_wconf 75' lang='lat' dir='ltr'>Iltirl.</span> 
     </span>
    </p>

    <p class='ocr_par' dir='ltr' id='par_1_9' title="bbox 238 1288 1092 2451">
     <span class='ocr_line' id='line_1_24' title="bbox 283 1288 1082 1326; baseline -0.001 -10"><span class='ocrx_word' id='word_1_193' title='bbox 283 1290 295 1309; x_wconf 49' lang='lat'>*1</span> <span class='ocrx_word' id='word_1_194' title='bbox 315 1290 496 1325; x_wconf 76' lang='lat' dir='ltr'>[Priusquam</span> <span class='ocrx_word' id='word_1_195' title='bbox 512 1288 546 1316; x_wconf 87' lang='lat' dir='ltr'>de</span> <span class='ocrx_word' id='word_1_196' title='bbox 562 1289 736 1316; x_wconf 79' lang='lat' dir='ltr'>editionibus</span> <span class='ocrx_word' id='word_1_197' title='bbox 755 1288 914 1326; x_wconf 87' lang='lat' dir='ltr'>adjicimus.</span> <span class='ocrx_word' id='word_1_198' title='bbox 931 1298 992 1324; x_wconf 79' lang='lat' dir='ltr'>quae</span> <span class='ocrx_word' id='word_1_199' title='bbox 1013 1288 1082 1325; x_wconf 88' lang='lat' dir='ltr'>adji-</span> 
     </span>
     <span class='ocr_line' id='line_1_25' title="bbox 243 1329 1082 1360; baseline -0.002 -3"><span class='ocrx_word' id='word_1_200' title='bbox 243 1331 345 1357; x_wconf 88' lang='lat' dir='ltr'>cienda</span> <span class='ocrx_word' id='word_1_201' title='bbox 359 1330 502 1360; x_wconf 85' lang='lat' dir='ltr'>videntur,</span> <span class='ocrx_word' id='word_1_202' title='bbox 519 1329 641 1357; x_wconf 78' lang='lat' dir='ltr'>dicenda</span> <span class='ocrx_word' id='word_1_203' title='bbox 662 1335 730 1356; x_wconf 83' lang='lat' dir='ltr'>sunt</span> <span class='ocrx_word' id='word_1_204' title='bbox 748 1329 888 1356; x_wconf 85' lang='lat' dir='ltr'>nonnulla</span> <span class='ocrx_word' id='word_1_205' title='bbox 908 1330 939 1355; x_wconf 79' lang='lat' dir='ltr'>de</span> <span class='ocrx_word' id='word_1_206' title='bbox 958 1329 1082 1355; x_wconf 78' lang='lat' dir='ltr'>restituta</span> 
     </span>
     <span class='ocr_line' id='line_1_26' title="bbox 238 1370 1084 1406; baseline -0.004 -8"><span class='ocrx_word' id='word_1_207' title='bbox 238 1381 290 1406; x_wconf 78' lang='lat' dir='ltr'>per</span> <span class='ocrx_word' id='word_1_208' title='bbox 304 1371 415 1398; x_wconf 78' lang='lat' dir='ltr'>Italiam</span> <span class='ocrx_word' id='word_1_209' title='bbox 432 1370 602 1406; x_wconf 75' lang='lat' dir='ltr'>philosophia</span> <span class='ocrx_word' id='word_1_210' title='bbox 617 1370 759 1397; x_wconf 79' lang='lat' dir='ltr'>Platonica</span> <span class='ocrx_word' id='word_1_211' title='bbox 781 1371 887 1406; x_wconf 68' lang='lat' dir='ltr'>&lt;jusque</span> <span class='ocrx_word' id='word_1_212' title='bbox 908 1370 1084 1396; x_wconf 67' lang='lat' dir='ltr'>restinctionis</span> 
     </span>
     <span class='ocr_line' id='line_1_27' title="bbox 244 1410 1084 1447; baseline -0.002 -9"><span class='ocrx_word' id='word_1_213' title='bbox 244 1412 332 1438; x_wconf 80' lang='lat' dir='ltr'>causis</span> <span class='ocrx_word' id='word_1_214' title='bbox 346 1411 555 1447; x_wconf 71' lang='lat' dir='ltr'>auctoribusque.</span> <span class='ocrx_word' id='word_1_215' title='bbox 599 1410 710 1437; x_wconf 84' lang='lat' dir='ltr'>Primus</span> <span class='ocrx_word' id='word_1_216' title='bbox 730 1411 859 1437; x_wconf 91' lang='lat' dir='ltr'>omnium</span> <span class='ocrx_word' id='word_1_217' title='bbox 880 1410 935 1437; x_wconf 83' lang='lat' dir='ltr'>illis</span> <span class='ocrx_word' id='word_1_218' title='bbox 957 1410 984 1436; x_wconf 91' lang='lat' dir='ltr'>in</span> <span class='ocrx_word' id='word_1_219' title='bbox 1001 1410 1084 1437; x_wconf 85' lang='lat' dir='ltr'>terris</span> 
     </span>
     <span class='ocr_line' id='line_1_28' title="bbox 245 1450 1082 1487; baseline -0.001 -9"><span class='ocrx_word' id='word_1_220' title='bbox 245 1452 357 1479; x_wconf 83' lang='lat' dir='ltr'>Platoni</span> <span class='ocrx_word' id='word_1_221' title='bbox 383 1451 593 1486; x_wconf 75' lang='lat' dir='ltr'>Platonicis-que</span> <span class='ocrx_word' id='word_1_222' title='bbox 622 1460 739 1487; x_wconf 83' lang='lat' dir='ltr'>operam</span> <span class='ocrx_word' id='word_1_223' title='bbox 768 1451 847 1478; x_wconf 85' lang='lat' dir='ltr'>dedit</span> <span class='ocrx_word' id='word_1_224' title='bbox 875 1450 978 1477; x_wconf 76' lang='lat' dir='ltr'>saeculo</span> <span class='ocrx_word' id='word_1_225' title='bbox 1001 1450 1082 1477; x_wconf 73' lang='lat' dir='ltr'><strong>XIV.</strong></span> 
     </span>
     <span class='ocr_line' id='line_1_29' title="bbox 244 1490 1083 1527; baseline -0.002 -8"><span class='ocrx_word' id='word_1_226' title='bbox 244 1492 404 1519; x_wconf 76' lang='lat' dir='ltr'>Franciscus</span> <span class='ocrx_word' id='word_1_227' title='bbox 433 1491 593 1518; x_wconf 64' lang='lat' dir='ltr'>Petram-lia.</span> <span class='ocrx_word' id='word_1_228' title='bbox 647 1491 704 1524; x_wconf 86' lang='lat' dir='ltr'>Qui</span> <span class='ocrx_word' id='word_1_229' title='bbox 727 1491 842 1527; x_wconf 84' lang='lat' dir='ltr'>quidem</span> <span class='ocrx_word' id='word_1_230' title='bbox 864 1490 980 1517; x_wconf 73' lang='lat' dir='ltr'>vixdum</span> <span class='ocrx_word' id='word_1_231' title='bbox 1004 1492 1083 1518; x_wconf 71' lang='lat' dir='ltr'>Grae-</span> 
     </span>
     <span class='ocr_line' id='line_1_30' title="bbox 246 1531 1084 1567; baseline -0.002 -7"><span class='ocrx_word' id='word_1_232' title='bbox 246 1542 342 1560; x_wconf 86' lang='lat' dir='ltr'>carum</span> <span class='ocrx_word' id='word_1_233' title='bbox 366 1532 509 1559; x_wconf 82' lang='lat' dir='ltr'>elementa</span> <span class='ocrx_word' id='word_1_234' title='bbox 530 1532 677 1559; x_wconf 84' lang='lat' dir='ltr'>literarum</span> <span class='ocrx_word' id='word_1_235' title='bbox 703 1532 846 1562; x_wconf 76' lang='lat' dir='ltr'>hauserat,</span> <span class='ocrx_word' id='word_1_236' title='bbox 871 1541 959 1567; x_wconf 86' lang='lat' dir='ltr'>quum</span> <span class='ocrx_word' id='word_1_237' title='bbox 985 1541 1027 1567; x_wconf 86' lang='lat' dir='ltr'>pr</span> <span class='ocrx_word' id='word_1_238' title='bbox 1020 1531 1084 1558; x_wconf 65' lang='lat' dir='ltr'>ilc</span> 
     </span>
     <span class='ocr_line' id='line_1_31' title="bbox 246 1572 1084 1618; baseline -0.002 -18"><span class='ocrx_word' id='word_1_239' title='bbox 246 1578 331 1618; x_wconf 79' lang='lat' dir='ltr'>gente</span> <span class='ocrx_word' id='word_1_240' title='bbox 349 1572 492 1599; x_wconf 80' lang='lat' dir='ltr'>Barloamo</span> <span class='ocrx_word' id='word_1_241' title='bbox 508 1572 650 1599; x_wconf 80' lang='lat' dir='ltr'>monacho</span> <span class='ocrx_word' id='word_1_242' title='bbox 666 1572 789 1599; x_wconf 83' lang='lat' dir='ltr'>Calabro</span> <span class='ocrx_word' id='word_1_243' title='bbox 807 1572 842 1599; x_wconf 88' lang='lat' dir='ltr'>ad</span> <span class='ocrx_word' id='word_1_244' title='bbox 859 1572 976 1599; x_wconf 81' lang='lat' dir='ltr'>Graecos</span> <span class='ocrx_word' id='word_1_245' title='bbox 992 1572 1020 1598; x_wconf 87' lang='lat' dir='ltr'>Pl</span> <span class='ocrx_word' id='word_1_246' title='bbox 1024 1578 1084 1598; x_wconf 72' lang='grc' dir='ltr'>ι-ιιο</span> 
     </span>
     <span class='ocr_line' id='line_1_32' title="bbox 247 1612 1086 1649; baseline -0.004 -9"><span class='ocrx_word' id='word_1_247' title='bbox 247 1614 290 1640; x_wconf 82' lang='lat' dir='ltr'>nis</span> <span class='ocrx_word' id='word_1_248' title='bbox 312 1613 426 1640; x_wconf 87' lang='lat' dir='ltr'>codices</span> <span class='ocrx_word' id='word_1_249' title='bbox 440 1613 595 1640; x_wconf 76' lang='lat' dir='ltr'>versandos</span> <span class='ocrx_word' id='word_1_250' title='bbox 616 1613 747 1643; x_wconf 86' lang='lat' dir='ltr'>accessit,</span> <span class='ocrx_word' id='word_1_251' title='bbox 763 1614 823 1649; x_wconf 69' lang='lat' dir='ltr'>ejus</span> <span class='ocrx_word' id='word_1_252' title='bbox 818 1622 880 1648; x_wconf 85' lang='lat' dir='ltr'>que</span> <span class='ocrx_word' id='word_1_253' title='bbox 904 1612 1086 1648; x_wconf 69' lang='lat' dir='ltr'>praeceptoris</span> 
     </span>
     <span class='ocr_line' id='line_1_33' title="bbox 248 1653 1084 1698; baseline -0.002 -17"><span class='ocrx_word' id='word_1_254' title='bbox 248 1660 368 1681; x_wconf 84' lang='lat' dir='ltr'>mortem</span> <span class='ocrx_word' id='word_1_255' title='bbox 392 1659 421 1681; x_wconf 85' lang='lat' dir='ltr'>et</span> <span class='ocrx_word' id='word_1_256' title='bbox 442 1653 525 1691; x_wconf 85' lang='lat' dir='ltr'>hujus</span> <span class='ocrx_word' id='word_1_257' title='bbox 547 1653 677 1698; x_wconf 79' lang='lat' dir='ltr'>discipuli</span> <span class='ocrx_word' id='word_1_258' title='bbox 697 1653 805 1680; x_wconf 77' lang='lat' dir='ltr'>Leontii</span> <span class='ocrx_word' id='word_1_259' title='bbox 820 1653 906 1680; x_wconf 78' lang='lat' dir='ltr'>Pilati</span> <span class='ocrx_word' id='word_1_260' title='bbox 925 1653 1084 1679; x_wconf 79' lang='lat' dir='ltr'>absentiun</span> 
     </span>
     <span class='ocr_line' id='line_1_34' title="bbox 248 1693 1085 1730; baseline -0.002 -9"><span class='ocrx_word' id='word_1_261' title='bbox 248 1695 391 1721; x_wconf 78' lang='lat' dir='ltr'>obstitisse</span> <span class='ocrx_word' id='word_1_262' title='bbox 413 1694 465 1721; x_wconf 83' lang='lat' dir='ltr'>sibi</span> <span class='ocrx_word' id='word_1_263' title='bbox 481 1693 677 1729; x_wconf 74' lang='lat' dir='ltr'>conqueritur,</span> <span class='ocrx_word' id='word_1_264' title='bbox 694 1703 729 1720; x_wconf 89' lang='lat' dir='ltr'>ne</span> <span class='ocrx_word' id='word_1_265' title='bbox 745 1693 904 1730; x_wconf 71' lang='lat' dir='ltr'>pleniorem</span> <span class='ocrx_word' id='word_1_266' title='bbox 922 1694 1085 1720; x_wconf 59' lang='lat' dir='ltr'>Graecarum</span> 
     </span>
     <span class='ocr_line' id='line_1_35' title="bbox 248 1733 1086 1771; baseline -0.001 -10"><span class='ocrx_word' id='word_1_267' title='bbox 248 1736 394 1762; x_wconf 84' lang='lat' dir='ltr'>literarum</span> <span class='ocrx_word' id='word_1_268' title='bbox 410 1734 605 1771; x_wconf 79' lang='lat' dir='ltr'>cognitionem</span> <span class='ocrx_word' id='word_1_269' title='bbox 626 1733 840 1770; x_wconf 70' lang='lat' dir='ltr'>adsequeretur.</span> <span class='ocrx_word' id='word_1_270' title='bbox 865 1733 944 1767; x_wconf 85' lang='lat' dir='ltr'>(Vid.</span> <span class='ocrx_word' id='word_1_271' title='bbox 961 1734 994 1760; x_wconf 73' lang='lat' dir='ltr'><strong>A.</strong></span> <span class='ocrx_word' id='word_1_272' title='bbox 1013 1734 1086 1760; x_wconf 75' lang='lat' dir='ltr'>Mar.</span> 
     </span>
     <span class='ocr_line' id='line_1_36' title="bbox 249 1774 1086 1802; baseline -0.002 0"><span class='ocrx_word' id='word_1_273' title='bbox 249 1775 371 1802; x_wconf 72' lang='lat' dir='ltr'>Baodini</span> <span class='ocrx_word' id='word_1_274' title='bbox 393 1775 502 1801; x_wconf 67' lang='lat' dir='ltr'>Priefat.</span> <span class='ocrx_word' id='word_1_275' title='bbox 520 1774 702 1802; x_wconf 79' lang='lat' dir='ltr'>ed..10annis</span> <span class='ocrx_word' id='word_1_276' title='bbox 722 1774 814 1801; x_wconf 71' lang='lat' dir='ltr'>s&#39;orsii</span> <span class='ocrx_word' id='word_1_277' title='bbox 837 1774 1086 1801; x_wconf 79' lang='lat' dir='ltr'>Commentarium</span> 
     </span>
     <span class='ocr_line' id='line_1_37' title="bbox 248 1814 1085 1843; baseline -0.002 -1"><span class='ocrx_word' id='word_1_278' title='bbox 248 1816 283 1843; x_wconf 75' lang='lat' dir='ltr'>de</span> <span class='ocrx_word' id='word_1_279' title='bbox 299 1815 420 1842; x_wconf 87' lang='lat' dir='ltr'>Marsilii</span> <span class='ocrx_word' id='word_1_280' title='bbox 437 1815 525 1842; x_wconf 85' lang='lat' dir='ltr'>Ficini</span> <span class='ocrx_word' id='word_1_281' title='bbox 541 1815 600 1841; x_wconf 75' lang='lat' dir='ltr'>vita</span> <span class='ocrx_word' id='word_1_282' title='bbox 615 1815 643 1841; x_wconf 90' lang='lat' dir='ltr'>in</span> <span class='ocrx_word' id='word_1_283' title='bbox 660 1815 839 1842; x_wconf 79' lang='lat' dir='ltr'>Miscellanei</span> <span class='ocrx_word' id='word_1_284' title='bbox 855 1815 882 1841; x_wconf 88' lang='lat' dir='ltr'>di</span> <span class='ocrx_word' id='word_1_285' title='bbox 897 1814 983 1842; x_wconf 67' lang='lat' dir='ltr'>Varia</span> <span class='ocrx_word' id='word_1_286' title='bbox 996 1815 1085 1841; x_wconf 83' lang='lat' dir='ltr'>Litte-</span> 
     </span>
     <span class='ocr_line' id='line_1_38' title="bbox 248 1855 1086 1891; baseline -0.002 -8"><span class='ocrx_word' id='word_1_287' title='bbox 248 1863 345 1883; x_wconf 73' lang='lat' dir='ltr'>ratura</span> <span class='ocrx_word' id='word_1_288' title='bbox 358 1855 530 1882; x_wconf 48' lang='lat' dir='ltr'>TonLVIH.</span> <span class='ocrx_word' id='word_1_289' title='bbox 549 1855 650 1882; x_wconf 76' lang='lat' dir='ltr'>Luccae</span> <span class='ocrx_word' id='word_1_290' title='bbox 667 1863 749 1890; x_wconf 82' lang='lat'><strong>1772.</strong></span> <span class='ocrx_word' id='word_1_291' title='bbox 766 1865 794 1891; x_wconf 89' lang='lat' dir='ltr'>p.</span> <span class='ocrx_word' id='word_1_292' title='bbox 809 1863 974 1890; x_wconf 73' lang='lat'><strong>247—250.</strong></span> <span class='ocrx_word' id='word_1_293' title='bbox 991 1855 1086 1891; x_wconf 81' lang='lat' dir='ltr'>ibique</span> 
     </span>
     <span class='ocr_line' id='line_1_39' title="bbox 248 1896 1086 1932; baseline -0.001 -9"><span class='ocrx_word' id='word_1_294' title='bbox 248 1897 323 1923; x_wconf 58' lang='lat' dir='ltr'>laud.</span> <span class='ocrx_word' id='word_1_295' title='bbox 342 1896 494 1923; x_wconf 75' lang='lat' dir='ltr'>Petrarcha</span> <span class='ocrx_word' id='word_1_296' title='bbox 509 1896 551 1923; x_wconf 88' lang='lat' dir='ltr'>De</span> <span class='ocrx_word' id='word_1_297' title='bbox 574 1896 737 1932; x_wconf 70' lang='lat' dir='ltr'>ignorantia</span> <span class='ocrx_word' id='word_1_298' title='bbox 751 1896 794 1923; x_wconf 88' lang='lat' dir='ltr'>sui</span> <span class='ocrx_word' id='word_1_299' title='bbox 809 1906 835 1932; x_wconf 64' lang='lat' dir='ltr'>p.</span> <span class='ocrx_word' id='word_1_300' title='bbox 852 1905 894 1930; x_wconf 83' lang='lat'><strong>14.</strong></span> <span class='ocrx_word' id='word_1_301' title='bbox 912 1896 955 1922; x_wconf 72' lang='lat' dir='ltr'>ed,</span> <span class='ocrx_word' id='word_1_302' title='bbox 969 1896 1086 1929; x_wconf 67' lang='lat' dir='ltr'>Yenct.)</span> 
     </span>
     <span class='ocr_line' id='line_1_40' title="bbox 250 1936 1087 1974; baseline -0.002 -11"><span class='ocrx_word' id='word_1_303' title='bbox 250 1938 282 1964; x_wconf 88' lang='lat' dir='ltr'>In</span> <span class='ocrx_word' id='word_1_304' title='bbox 296 1936 422 1974; x_wconf 90' lang='lat' dir='ltr'>ejusdem</span> <span class='ocrx_word' id='word_1_305' title='bbox 436 1936 595 1963; x_wconf 80' lang='lat' dir='ltr'>l’etrarchae</span> <span class='ocrx_word' id='word_1_306' title='bbox 609 1936 781 1963; x_wconf 87' lang='lat' dir='ltr'>bibliotheca</span> <span class='ocrx_word' id='word_1_307' title='bbox 793 1936 879 1963; x_wconf 84' lang='lat' dir='ltr'>etiam</span> <span class='ocrx_word' id='word_1_308' title='bbox 892 1936 1009 1963; x_wconf 76' lang='lat' dir='ltr'>Joannes</span> <span class='ocrx_word' id='word_1_309' title='bbox 1019 1936 1087 1963; x_wconf 81' lang='lat' dir='ltr'>Boc-</span> 
     </span>
     <span class='ocr_line' id='line_1_41' title="bbox 250 1976 1087 2014; baseline 0 -11"><span class='ocrx_word' id='word_1_310' title='bbox 250 1978 338 2004; x_wconf 72' lang='lat' dir='ltr'>vocius</span> <span class='ocrx_word' id='word_1_311' title='bbox 352 1979 412 2014; x_wconf 89' lang='lat' dir='ltr'>ejus</span> <span class='ocrx_word' id='word_1_312' title='bbox 428 1976 573 2003; x_wconf 80' lang='lat' dir='ltr'>familiaris</span> <span class='ocrx_word' id='word_1_313' title='bbox 590 1976 737 2004; x_wconf 81' lang='lat' dir='ltr'>Platonem</span> <span class='ocrx_word' id='word_1_314' title='bbox 755 1976 855 2004; x_wconf 83' lang='lat' dir='ltr'>Graece</span> <span class='ocrx_word' id='word_1_315' title='bbox 871 1976 1008 2013; x_wconf 86' lang='lat' dir='ltr'>scriptum</span> <span class='ocrx_word' id='word_1_316' title='bbox 1024 1986 1087 2003; x_wconf 78' lang='lat' dir='ltr'>vcr—</span> 
     </span>
     <span class='ocr_line' id='line_1_42' title="bbox 250 2017 1088 2053; baseline -0.001 -9"><span class='ocrx_word' id='word_1_317' title='bbox 250 2018 323 2045; x_wconf 74' lang='lat' dir='ltr'>savit</span> <span class='ocrx_word' id='word_1_318' title='bbox 339 2018 408 2051; x_wconf 84' lang='lat' dir='ltr'>(vid.</span> <span class='ocrx_word' id='word_1_319' title='bbox 425 2017 548 2044; x_wconf 82' lang='lat' dir='ltr'>Bandini</span> <span class='ocrx_word' id='word_1_320' title='bbox 564 2017 583 2044; x_wconf 92' lang='lat' dir='ltr'>l.</span> <span class='ocrx_word' id='word_1_321' title='bbox 600 2026 624 2045; x_wconf 78' lang='lat' dir='ltr'>c.</span> <span class='ocrx_word' id='word_1_322' title='bbox 644 2027 672 2053; x_wconf 89' lang='lat' dir='ltr'>p.</span> <span class='ocrx_word' id='word_1_323' title='bbox 690 2024 755 2053; x_wconf 81' lang='lat'>251,</span> <span class='ocrx_word' id='word_1_324' title='bbox 771 2017 807 2044; x_wconf 92' lang='lat' dir='ltr'>ab</span> <span class='ocrx_word' id='word_1_325' title='bbox 828 2026 920 2053; x_wconf 87' lang='lat' dir='ltr'>eoque</span> <span class='ocrx_word' id='word_1_326' title='bbox 940 2017 1088 2044; x_wconf 82' lang='lat' dir='ltr'>laudatum</span> 
     </span>
     <span class='ocr_line' id='line_1_43' title="bbox 249 2056 1088 2093; baseline -0.001 -8"><span class='ocrx_word' id='word_1_327' title='bbox 249 2059 276 2085; x_wconf 90' lang='lat' dir='ltr'>J.</span> <span class='ocrx_word' id='word_1_328' title='bbox 289 2058 420 2085; x_wconf 84' lang='lat' dir='ltr'>Boccacii</span> <span class='ocrx_word' id='word_1_329' title='bbox 433 2058 628 2084; x_wconf 87' lang='lat' dir='ltr'>Commentar.</span> <span class='ocrx_word' id='word_1_330' title='bbox 645 2058 673 2084; x_wconf 90' lang='lat' dir='ltr'>in</span> <span class='ocrx_word' id='word_1_331' title='bbox 686 2057 787 2084; x_wconf 88' lang='lat' dir='ltr'>Dantis</span> <span class='ocrx_word' id='word_1_332' title='bbox 800 2057 947 2084; x_wconf 87' lang='lat' dir='ltr'>Infernum</span> <span class='ocrx_word' id='word_1_333' title='bbox 965 2067 1026 2093; x_wconf 87' lang='lat' dir='ltr'>cap.</span> <span class='ocrx_word' id='word_1_334' title='bbox 1038 2056 1088 2084; x_wconf 87' lang='lat' dir='ltr'>IV.</span> 
     </span>
     <span class='ocr_line' id='line_1_44' title="bbox 251 2098 1090 2135; baseline -0.002 -9"><span class='ocrx_word' id='word_1_335' title='bbox 251 2109 277 2135; x_wconf 88' lang='lat' dir='ltr'><strong>p.</strong></span> <span class='ocrx_word' id='word_1_336' title='bbox 295 2101 375 2134; x_wconf 77' lang='lat'><strong>231.)</strong></span> <span class='ocrx_word' id='word_1_337' title='bbox 393 2098 501 2125; x_wconf 77' lang='lat' dir='ltr'>Graecis</span> <span class='ocrx_word' id='word_1_338' title='bbox 516 2098 619 2125; x_wconf 83' lang='lat' dir='ltr'>deinde</span> <span class='ocrx_word' id='word_1_339' title='bbox 635 2098 724 2125; x_wconf 87' lang='lat' dir='ltr'>literis</span> <span class='ocrx_word' id='word_1_340' title='bbox 739 2098 876 2135; x_wconf 83' lang='lat' dir='ltr'>augendis</span> <span class='ocrx_word' id='word_1_341' title='bbox 891 2105 919 2125; x_wconf 85' lang='lat' dir='ltr'>et</span> <span class='ocrx_word' id='word_1_342' title='bbox 936 2098 1090 2124; x_wconf 67' lang='lat' dir='ltr'>Platonicae</span> 
     </span>
     <span class='ocr_line' id='line_1_45' title="bbox 251 2138 1089 2174; baseline -0.002 -8"><span class='ocrx_word' id='word_1_343' title='bbox 251 2139 388 2166; x_wconf 82' lang='lat' dir='ltr'>doctrinae</span> <span class='ocrx_word' id='word_1_344' title='bbox 409 2138 645 2166; x_wconf 67' lang='lat' dir='ltr'>commendandae</span> <span class='ocrx_word' id='word_1_345' title='bbox 667 2139 790 2165; x_wconf 80' lang='lat' dir='ltr'>maxime</span> <span class='ocrx_word' id='word_1_346' title='bbox 811 2138 980 2174; x_wconf 88' lang='lat' dir='ltr'>profuerunt</span> <span class='ocrx_word' id='word_1_347' title='bbox 998 2138 1089 2165; x_wconf 91' lang='lat' dir='ltr'>homi-</span> 
     </span>
     <span class='ocr_line' id='line_1_46' title="bbox 251 2179 1089 2215; baseline -0.001 -9"><span class='ocrx_word' id='word_1_348' title='bbox 251 2189 302 2206; x_wconf 89' lang='lat' dir='ltr'>nes</span> <span class='ocrx_word' id='word_1_349' title='bbox 320 2179 412 2206; x_wconf 76' lang='lat' dir='ltr'>Graeci</span> <span class='ocrx_word' id='word_1_350' title='bbox 435 2179 462 2206; x_wconf 93' lang='lat' dir='ltr'>in</span> <span class='ocrx_word' id='word_1_351' title='bbox 479 2179 564 2205; x_wconf 82' lang='lat' dir='ltr'>Italia</span> <span class='ocrx_word' id='word_1_352' title='bbox 583 2179 749 2212; x_wconf 70' lang='lat' dir='ltr'>exulantes3</span> <span class='ocrx_word' id='word_1_353' title='bbox 774 2179 809 2206; x_wconf 87' lang='lat' dir='ltr'>de</span> <span class='ocrx_word' id='word_1_354' title='bbox 828 2179 930 2215; x_wconf 88' lang='lat' dir='ltr'>quibus</span> <span class='ocrx_word' id='word_1_355' title='bbox 950 2185 1012 2215; x_wconf 86' lang='lat' dir='ltr'>post</span> <span class='ocrx_word' id='word_1_356' title='bbox 1030 2179 1089 2205; x_wconf 91' lang='lat' dir='ltr'>Ho-</span> 
     </span>
     <span class='ocr_line' id='line_1_47' title="bbox 252 2219 1091 2250; baseline -0.001 -4"><span class='ocrx_word' id='word_1_357' title='bbox 252 2220 341 2250; x_wconf 84' lang='lat' dir='ltr'>dium,</span> <span class='ocrx_word' id='word_1_358' title='bbox 363 2219 550 2249; x_wconf 87' lang='lat' dir='ltr'>Boernerum,</span> <span class='ocrx_word' id='word_1_359' title='bbox 572 2219 760 2249; x_wconf 87' lang='lat' dir='ltr'>Bruckerum,</span> <span class='ocrx_word' id='word_1_360' title='bbox 781 2219 998 2246; x_wconf 76' lang='lat' dir='ltr'>Til-aboschium</span> <span class='ocrx_word' id='word_1_361' title='bbox 1021 2219 1091 2245; x_wconf 81' lang='lat' dir='ltr'>alios</span> 
     </span>
     <span class='ocr_line' id='line_1_48' title="bbox 252 2259 1092 2296; baseline -0.001 -10"><span class='ocrx_word' id='word_1_362' title='bbox 252 2269 345 2296; x_wconf 86' lang='lat' dir='ltr'>nuper</span> <span class='ocrx_word' id='word_1_363' title='bbox 373 2266 494 2296; x_wconf 80' lang='lat' dir='ltr'>egerunt</span> <span class='ocrx_word' id='word_1_364' title='bbox 520 2260 681 2286; x_wconf 86' lang='lat' dir='ltr'>Heercnius</span> <span class='ocrx_word' id='word_1_365' title='bbox 709 2266 737 2286; x_wconf 85' lang='lat' dir='ltr'>et</span> <span class='ocrx_word' id='word_1_366' title='bbox 766 2260 937 2286; x_wconf 75' lang='lat' dir='ltr'>Schoellius.</span> <span class='ocrx_word' id='word_1_367' title='bbox 980 2259 1092 2292; x_wconf 83' lang='lat' dir='ltr'>Quibus</span> 
     </span>
     <span class='ocr_line' id='line_1_49' title="bbox 253 2299 1091 2335; baseline 0 -9"><span class='ocrx_word' id='word_1_368' title='bbox 253 2300 382 2327; x_wconf 83' lang='lat' dir='ltr'>exulibus</span> <span class='ocrx_word' id='word_1_369' title='bbox 407 2309 472 2327; x_wconf 89' lang='lat' dir='ltr'>cum</span> <span class='ocrx_word' id='word_1_370' title='bbox 495 2299 542 2326; x_wconf 87' lang='lat' dir='ltr'>alii</span> <span class='ocrx_word' id='word_1_371' title='bbox 564 2300 709 2335; x_wconf 83' lang='lat' dir='ltr'>Principes</span> <span class='ocrx_word' id='word_1_372' title='bbox 734 2300 906 2335; x_wconf 79' lang='lat' dir='ltr'>patrocinati</span> <span class='ocrx_word' id='word_1_373' title='bbox 930 2306 1006 2330; x_wconf 83' lang='lat' dir='ltr'>sunt,</span> <span class='ocrx_word' id='word_1_374' title='bbox 1032 2306 1091 2326; x_wconf 85' lang='lat' dir='ltr'>tum</span> 
     </span>
     <span class='ocr_line' id='line_1_50' title="bbox 252 2339 1090 2376; baseline 0 -9"><span class='ocrx_word' id='word_1_375' title='bbox 252 2340 376 2367; x_wconf 79' lang='lat' dir='ltr'>maxime</span> <span class='ocrx_word' id='word_1_376' title='bbox 398 2339 504 2366; x_wconf 78' lang='lat' dir='ltr'>fautrix</span> <span class='ocrx_word' id='word_1_377' title='bbox 525 2340 632 2366; x_wconf 79' lang='lat' dir='ltr'>exstitit</span> <span class='ocrx_word' id='word_1_378' title='bbox 655 2340 763 2376; x_wconf 75' lang='lat' dir='ltr'>inclyta</span> <span class='ocrx_word' id='word_1_379' title='bbox 788 2350 858 2376; x_wconf 72' lang='lat' dir='ltr'>gens</span> <span class='ocrx_word' id='word_1_380' title='bbox 880 2340 1090 2367; x_wconf 83' lang='lat' dir='ltr'>Mediceorum.</span> 
     </span>
     <span class='ocr_line' id='line_1_51' title="bbox 253 2380 1091 2416; baseline -0.001 -9"><span class='ocrx_word' id='word_1_381' title='bbox 253 2381 350 2416; x_wconf 86' lang='lat' dir='ltr'>Atque</span> <span class='ocrx_word' id='word_1_382' title='bbox 366 2380 474 2406; x_wconf 82' lang='lat' dir='ltr'>Cosmus</span> <span class='ocrx_word' id='word_1_383' title='bbox 488 2380 533 2406; x_wconf 83' lang='lat' dir='ltr'>ille</span> <span class='ocrx_word' id='word_1_384' title='bbox 547 2380 685 2406; x_wconf 75' lang='lat' dir='ltr'>Mediceus</span> <span class='ocrx_word' id='word_1_385' title='bbox 700 2390 750 2416; x_wconf 90' lang='lat' dir='ltr'>per</span> <span class='ocrx_word' id='word_1_386' title='bbox 765 2380 880 2407; x_wconf 87' lang='lat' dir='ltr'>eosdem</span> <span class='ocrx_word' id='word_1_387' title='bbox 901 2380 1000 2407; x_wconf 77' lang='lat' dir='ltr'>doctos</span> <span class='ocrx_word' id='word_1_388' title='bbox 1017 2380 1091 2406; x_wconf 74' lang='lat' dir='ltr'>viros</span> 
     </span>
     <span class='ocr_line' id='line_1_52' title="bbox 255 2420 1090 2451; baseline -0.002 -3"><span class='ocrx_word' id='word_1_389' title='bbox 255 2421 370 2448; x_wconf 83' lang='lat' dir='ltr'>Graecos</span> <span class='ocrx_word' id='word_1_390' title='bbox 386 2420 498 2447; x_wconf 84' lang='lat' dir='ltr'>codices</span> <span class='ocrx_word' id='word_1_391' title='bbox 513 2420 716 2447; x_wconf 78' lang='lat' dir='ltr'>describendos</span> <span class='ocrx_word' id='word_1_392' title='bbox 731 2420 850 2451; x_wconf 82' lang='lat' dir='ltr'>curavit,</span> <span class='ocrx_word' id='word_1_393' title='bbox 862 2420 909 2447; x_wconf 80' lang='lat' dir='ltr'>vel</span> <span class='ocrx_word' id='word_1_394' title='bbox 924 2420 1012 2447; x_wconf 80' lang='lat' dir='ltr'>Italos</span> <span class='ocrx_word' id='word_1_395' title='bbox 1026 2420 1090 2447; x_wconf 85' lang='lat' dir='ltr'>lite-</span> 
     </span>
    </p>
   </div>
   <div class='ocr_carea' id='block_1_6' title="bbox 885 593 1240 627">
    <p class='ocr_par' dir='ltr' id='par_1_10' title="bbox 885 593 1240 627">
     <span class='ocr_line' id='line_1_53' title="bbox 885 593 1240 627; baseline -0.003 0"><span class='ocrx_word' id='word_1_396' title='bbox 885 593 897 613; x_wconf 69' lang='lat'>4</span> <span class='ocrx_word' id='word_1_397' title='bbox 908 594 990 627; x_wconf 88' lang='lat' dir='ltr'>Una</span> <span class='ocrx_word' id='word_1_398' title='bbox 1015 594 1220 627; x_wconf 84' lang='lat' dir='ltr'>inscribitur</span> <span class='ocrx_word' id='word_1_399' title='bbox 1232 603 1240 626; x_wconf 73' lang='grc' dir='ltr'><strong><em>ι</em></strong></span> 
     </span>
    </p>
   </div>
   <div class='ocr_carea' id='block_1_7' title="bbox 1274 591 1965 639">
    <p class='ocr_par' dir='ltr' id='par_1_11' title="bbox 1274 591 1965 639">
     <span class='ocr_line' id='line_1_54' title="bbox 1274 591 1965 639; baseline 0.001 -14"><span class='ocrx_word' id='word_1_400' title='bbox 1274 592 1445 626; x_wconf 75' lang='grc' dir='ltr'>Πλωτίνου</span> <span class='ocrx_word' id='word_1_401' title='bbox 1468 593 1541 639; x_wconf 75' lang='grc' dir='ltr'>περὶ</span> <span class='ocrx_word' id='word_1_402' title='bbox 1564 596 1623 626; x_wconf 78' lang='grc' dir='ltr'>τοῦ</span> <span class='ocrx_word' id='word_1_403' title='bbox 1641 595 1705 628; x_wconf 79' lang='grc' dir='ltr'>πῶς</span> <span class='ocrx_word' id='word_1_404' title='bbox 1723 591 1782 639; x_wconf 71' lang='grc' dir='ltr'>3ρᾷ</span> <span class='ocrx_word' id='word_1_405' title='bbox 1803 594 1820 631; x_wconf 84' lang='grc' dir='ltr'><strong><em>ἡ</em></strong></span> <span class='ocrx_word' id='word_1_406' title='bbox 1839 593 1965 636; x_wconf 71' lang='grc' dir='ltr'>οὐρανία</span> 
     </span>
    </p>
   </div>
   <div class='ocr_carea' id='block_1_8' title="bbox 1129 722 1979 2454">
    <p class='ocr_par' dir='ltr' id='par_1_12' title="bbox 1129 722 1979 2374">
     <span class='ocr_line' id='line_1_55' title="bbox 1129 722 1969 750; baseline 0 0"><span class='ocrx_word' id='word_1_407' title='bbox 1129 729 1239 750; x_wconf 85' lang='lat' dir='ltr'>ratores</span> <span class='ocrx_word' id='word_1_408' title='bbox 1261 723 1289 750; x_wconf 94' lang='lat' dir='ltr'>in</span> <span class='ocrx_word' id='word_1_409' title='bbox 1313 723 1454 750; x_wconf 83' lang='lat' dir='ltr'>Graeciam</span> <span class='ocrx_word' id='word_1_410' title='bbox 1476 724 1554 750; x_wconf 85' lang='lat' dir='ltr'>misit</span> <span class='ocrx_word' id='word_1_411' title='bbox 1571 724 1617 750; x_wconf 89' lang='lat' dir='ltr'>vel</span> <span class='ocrx_word' id='word_1_412' title='bbox 1639 733 1655 750; x_wconf 90' lang='lat' dir='ltr'>a</span> <span class='ocrx_word' id='word_1_413' title='bbox 1676 723 1797 750; x_wconf 82' lang='lat' dir='ltr'>reversis</span> <span class='ocrx_word' id='word_1_414' title='bbox 1819 732 1834 749; x_wconf 86' lang='lat' dir='ltr'>e</span> <span class='ocrx_word' id='word_1_415' title='bbox 1857 722 1969 750; x_wconf 82' lang='lat' dir='ltr'>Graecia</span> 
     </span>
     <span class='ocr_line' id='line_1_56' title="bbox 1131 763 1970 798; baseline 0 -8"><span class='ocrx_word' id='word_1_416' title='bbox 1131 773 1182 790; x_wconf 88' lang='lat' dir='ltr'>suo</span> <span class='ocrx_word' id='word_1_417' title='bbox 1198 773 1252 790; x_wconf 82' lang='lat' dir='ltr'>aere</span> <span class='ocrx_word' id='word_1_418' title='bbox 1266 764 1533 791; x_wconf 85' lang='lat' dir='ltr'>munificentissime</span> <span class='ocrx_word' id='word_1_419' title='bbox 1548 765 1664 791; x_wconf 82' lang='lat' dir='ltr'>Graecos</span> <span class='ocrx_word' id='word_1_420' title='bbox 1679 764 1765 790; x_wconf 88' lang='lat' dir='ltr'>libros</span> <span class='ocrx_word' id='word_1_421' title='bbox 1781 763 1887 790; x_wconf 73' lang='lat' dir='ltr'>coemit</span> <span class='ocrx_word' id='word_1_422' title='bbox 1905 763 1970 798; x_wconf 84' lang='lat' dir='ltr'>(Fa-</span> 
     </span>
     <span class='ocr_line' id='line_1_57' title="bbox 1131 803 1970 840; baseline -0.001 -9"><span class='ocrx_word' id='word_1_423' title='bbox 1131 804 1214 831; x_wconf 90' lang='lat' dir='ltr'>broni</span> <span class='ocrx_word' id='word_1_424' title='bbox 1228 803 1297 830; x_wconf 80' lang='lat' dir='ltr'>Vita</span> <span class='ocrx_word' id='word_1_425' title='bbox 1312 804 1409 830; x_wconf 88' lang='lat' dir='ltr'>Cosmi</span> <span class='ocrx_word' id='word_1_426' title='bbox 1430 813 1459 840; x_wconf 94' lang='lat' dir='ltr'>p.</span> <span class='ocrx_word' id='word_1_427' title='bbox 1478 806 1555 839; x_wconf 85' lang='lat'><strong>143).</strong></span> <span class='ocrx_word' id='word_1_428' title='bbox 1599 804 1700 840; x_wconf 86' lang='lat' dir='ltr'>Itaque</span> <span class='ocrx_word' id='word_1_429' title='bbox 1721 804 1766 831; x_wconf 87' lang='lat' dir='ltr'>Jo.</span> <span class='ocrx_word' id='word_1_430' title='bbox 1783 804 1901 839; x_wconf 69' lang='lat' dir='ltr'>Aur-ispa</span> <span class='ocrx_word' id='word_1_431' title='bbox 1924 804 1970 838; x_wconf 88' lang='lat' dir='ltr'>(ut</span> 
     </span>
     <span class='ocr_line' id='line_1_58' title="bbox 1131 844 1968 879; baseline -0.001 -8"><span class='ocrx_word' id='word_1_432' title='bbox 1131 854 1177 871; x_wconf 89' lang='lat' dir='ltr'>me</span> <span class='ocrx_word' id='word_1_433' title='bbox 1193 845 1221 871; x_wconf 92' lang='lat' dir='ltr'>in</span> <span class='ocrx_word' id='word_1_434' title='bbox 1234 844 1447 871; x_wconf 81' lang='lat' dir='ltr'>Platonicorum</span> <span class='ocrx_word' id='word_1_435' title='bbox 1460 845 1654 871; x_wconf 85' lang='lat' dir='ltr'>mentionibus</span> <span class='ocrx_word' id='word_1_436' title='bbox 1666 844 1843 878; x_wconf 80' lang='lat' dir='ltr'>contineam)</span> <span class='ocrx_word' id='word_1_437' title='bbox 1857 854 1882 871; x_wconf 92' lang='lat' dir='ltr'>a.</span> <span class='ocrx_word' id='word_1_438' title='bbox 1895 852 1968 879; x_wconf 78' lang='lat'>1423</span> 
     </span>
     <span class='ocr_line' id='line_1_59' title="bbox 1132 884 1968 912; baseline -0.001 0"><span class='ocrx_word' id='word_1_439' title='bbox 1132 894 1147 912; x_wconf 86' lang='lat' dir='ltr'>e</span> <span class='ocrx_word' id='word_1_440' title='bbox 1175 884 1286 912; x_wconf 72' lang='lat' dir='ltr'>Graecia</span> <span class='ocrx_word' id='word_1_441' title='bbox 1312 884 1400 911; x_wconf 86' lang='lat' dir='ltr'>redux</span> <span class='ocrx_word' id='word_1_442' title='bbox 1425 894 1492 911; x_wconf 90' lang='lat' dir='ltr'>cum</span> <span class='ocrx_word' id='word_1_443' title='bbox 1521 885 1583 911; x_wconf 85' lang='lat' dir='ltr'>aliis</span> <span class='ocrx_word' id='word_1_444' title='bbox 1612 885 1709 912; x_wconf 80' lang='lat' dir='ltr'>multis</span> <span class='ocrx_word' id='word_1_445' title='bbox 1736 884 1815 911; x_wconf 88' lang='lat' dir='ltr'>libris</span> <span class='ocrx_word' id='word_1_446' title='bbox 1841 885 1968 912; x_wconf 88' lang='lat' dir='ltr'>Platonis</span> 
     </span>
     <span class='ocr_line' id='line_1_60' title="bbox 1131 925 1971 961; baseline 0.001 -10"><span class='ocrx_word' id='word_1_447' title='bbox 1131 925 1286 961; x_wconf 83' lang='lat' dir='ltr'>Plotinique</span> <span class='ocrx_word' id='word_1_448' title='bbox 1313 931 1341 951; x_wconf 88' lang='lat' dir='ltr'>et</span> <span class='ocrx_word' id='word_1_449' title='bbox 1367 925 1458 952; x_wconf 89' lang='lat' dir='ltr'>Procli</span> <span class='ocrx_word' id='word_1_450' title='bbox 1486 925 1592 961; x_wconf 85' lang='lat' dir='ltr'>scripta</span> <span class='ocrx_word' id='word_1_451' title='bbox 1619 925 1648 952; x_wconf 89' lang='lat' dir='ltr'>in</span> <span class='ocrx_word' id='word_1_452' title='bbox 1674 925 1787 952; x_wconf 84' lang='lat' dir='ltr'>Italiam</span> <span class='ocrx_word' id='word_1_453' title='bbox 1814 925 1971 952; x_wconf 84' lang='lat' dir='ltr'>transvexit</span> 
     </span>
     <span class='ocr_line' id='line_1_61' title="bbox 1134 964 1969 1001; baseline 0 -9"><span class='ocrx_word' id='word_1_454' title='bbox 1134 966 1268 999; x_wconf 87' lang='lat' dir='ltr'>(Roscoe,</span> <span class='ocrx_word' id='word_1_455' title='bbox 1286 965 1349 992; x_wconf 89' lang='lat' dir='ltr'>Life</span> <span class='ocrx_word' id='word_1_456' title='bbox 1372 964 1404 991; x_wconf 92' lang='lat' dir='ltr'>of</span> <span class='ocrx_word' id='word_1_457' title='bbox 1422 965 1553 992; x_wconf 87' lang='lat' dir='ltr'>Lorenzo</span> <span class='ocrx_word' id='word_1_458' title='bbox 1575 965 1618 992; x_wconf 87' lang='lat' dir='ltr'>de&#39;</span> <span class='ocrx_word' id='word_1_459' title='bbox 1634 965 1742 992; x_wconf 84' lang='lat' dir='ltr'>Medici</span> <span class='ocrx_word' id='word_1_460' title='bbox 1765 965 1788 992; x_wconf 88' lang='lat' dir='ltr'>I.</span> <span class='ocrx_word' id='word_1_461' title='bbox 1811 975 1839 1001; x_wconf 89' lang='lat' dir='ltr'><strong>p.</strong></span> <span class='ocrx_word' id='word_1_462' title='bbox 1857 974 1904 1000; x_wconf 86' lang='lat'>30.</span> <span class='ocrx_word' id='word_1_463' title='bbox 1933 965 1969 992; x_wconf 81' lang='lat' dir='ltr'>cs.</span> 
     </span>
     <span class='ocr_line' id='line_1_62' title="bbox 1133 1005 1969 1033; baseline -0.001 0"><span class='ocrx_word' id='word_1_464' title='bbox 1133 1006 1249 1033; x_wconf 87' lang='lat' dir='ltr'>Heeren</span> <span class='ocrx_word' id='word_1_465' title='bbox 1273 1005 1448 1033; x_wconf 86' lang='lat' dir='ltr'>Geschichte</span> <span class='ocrx_word' id='word_1_466' title='bbox 1472 1006 1522 1033; x_wconf 85' lang='lat' dir='ltr'>des</span> <span class='ocrx_word' id='word_1_467' title='bbox 1551 1005 1699 1033; x_wconf 82' lang='lat' dir='ltr'>Studiums</span> <span class='ocrx_word' id='word_1_468' title='bbox 1722 1006 1773 1032; x_wconf 85' lang='lat' dir='ltr'>der</span> <span class='ocrx_word' id='word_1_469' title='bbox 1797 1005 1969 1033; x_wconf 84' lang='lat' dir='ltr'>classischen</span> 
     </span>
     <span class='ocr_line' id='line_1_63' title="bbox 1133 1046 1971 1082; baseline -0.001 -9"><span class='ocrx_word' id='word_1_470' title='bbox 1133 1046 1291 1073; x_wconf 85' lang='lat' dir='ltr'>Litteratur</span> <span class='ocrx_word' id='word_1_471' title='bbox 1308 1046 1345 1072; x_wconf 89' lang='lat' dir='ltr'>II.</span> <span class='ocrx_word' id='word_1_472' title='bbox 1368 1055 1397 1082; x_wconf 91' lang='lat' dir='ltr'><strong>p.</strong></span> <span class='ocrx_word' id='word_1_473' title='bbox 1413 1047 1475 1080; x_wconf 86' lang='lat'><strong>40.)</strong></span> <span class='ocrx_word' id='word_1_474' title='bbox 1499 1046 1666 1073; x_wconf 85' lang='lat' dir='ltr'>Franciscus</span> <span class='ocrx_word' id='word_1_475' title='bbox 1688 1052 1782 1073; x_wconf 88' lang='lat' dir='ltr'>autem</span> <span class='ocrx_word' id='word_1_476' title='bbox 1806 1046 1971 1082; x_wconf 83' lang='lat' dir='ltr'>Philelphus</span> 
     </span>
     <span class='ocr_line' id='line_1_64' title="bbox 1133 1086 1972 1122; baseline -0.002 -9"><span class='ocrx_word' id='word_1_477' title='bbox 1133 1087 1254 1122; x_wconf 82' lang='lat' dir='ltr'>epistola</span> <span class='ocrx_word' id='word_1_478' title='bbox 1268 1086 1374 1122; x_wconf 84' lang='lat' dir='ltr'>scripta</span> <span class='ocrx_word' id='word_1_479' title='bbox 1388 1096 1413 1113; x_wconf 91' lang='lat' dir='ltr'>a.</span> <span class='ocrx_word' id='word_1_480' title='bbox 1432 1086 1504 1120; x_wconf 76' lang='lat'>1428</span> <span class='ocrx_word' id='word_1_481' title='bbox 1519 1087 1565 1113; x_wconf 69' lang='lat' dir='ltr'>vel</span> <span class='ocrx_word' id='word_1_482' title='bbox 1584 1095 1656 1122; x_wconf 80' lang='lat'>¹429</span> <span class='ocrx_word' id='word_1_483' title='bbox 1671 1086 1712 1113; x_wconf 83' lang='lat' dir='ltr'>ita</span> <span class='ocrx_word' id='word_1_484' title='bbox 1725 1086 1836 1122; x_wconf 86' lang='lat' dir='ltr'>prodit:</span> <span class='ocrx_word' id='word_1_485' title='bbox 1862 1091 1880 1101; x_wconf 79' lang='lat'>‘¹</span> <span class='ocrx_word' id='word_1_486' title='bbox 1891 1086 1972 1113; x_wconf 76' lang='lat' dir='ltr'>Alios</span> 
     </span>
     <span class='ocr_line' id='line_1_65' title="bbox 1135 1126 1969 1163; baseline 0.001 -10"><span class='ocrx_word' id='word_1_487' title='bbox 1135 1132 1152 1141; x_wconf 84' lang='lat'>¹⁴</span> <span class='ocrx_word' id='word_1_488' title='bbox 1172 1127 1284 1160; x_wconf 90' lang='lat' dir='ltr'>(libros)</span> <span class='ocrx_word' id='word_1_489' title='bbox 1301 1126 1456 1153; x_wconf 88' lang='lat' dir='ltr'>nonnullos</span> <span class='ocrx_word' id='word_1_490' title='bbox 1476 1136 1526 1163; x_wconf 88' lang='lat' dir='ltr'>per</span> <span class='ocrx_word' id='word_1_491' title='bbox 1541 1127 1647 1163; x_wconf 85' lang='lat' dir='ltr'>primas</span> <span class='ocrx_word' id='word_1_492' title='bbox 1669 1136 1701 1153; x_wconf 80' lang='lat' dir='ltr'>ex</span> <span class='ocrx_word' id='word_1_493' title='bbox 1719 1126 1859 1162; x_wconf 77' lang='lat' dir='ltr'>Byzantio</span> <span class='ocrx_word' id='word_1_494' title='bbox 1874 1127 1969 1154; x_wconf 86' lang='lat' dir='ltr'>Vene-</span> 
     </span>
     <span class='ocr_line' id='line_1_66' title="bbox 1135 1167 1969 1202; baseline -0.001 -9"><span class='ocrx_word' id='word_1_495' title='bbox 1135 1171 1152 1180; x_wconf 88' lang='lat'>‘&#39;</span> <span class='ocrx_word' id='word_1_496' title='bbox 1170 1173 1263 1193; x_wconf 88' lang='lat' dir='ltr'>torum</span> <span class='ocrx_word' id='word_1_497' title='bbox 1279 1176 1367 1193; x_wconf 85' lang='lat' dir='ltr'>naves</span> <span class='ocrx_word' id='word_1_498' title='bbox 1382 1167 1543 1202; x_wconf 87' lang='lat' dir='ltr'>opperior.’&#39;</span> <span class='ocrx_word' id='word_1_499' title='bbox 1586 1167 1628 1193; x_wconf 91' lang='lat' dir='ltr'>Hi</span> <span class='ocrx_word' id='word_1_500' title='bbox 1643 1173 1739 1193; x_wconf 82' lang='lat' dir='ltr'>autern</span> <span class='ocrx_word' id='word_1_501' title='bbox 1754 1173 1822 1193; x_wconf 88' lang='lat' dir='ltr'>sunt</span> <span class='ocrx_word' id='word_1_502' title='bbox 1839 1167 1969 1197; x_wconf 76' lang='lat' dir='ltr'>Plotimts,</span> 
     </span>
     <span class='ocr_line' id='line_1_67' title="bbox 1134 1207 1969 1242; baseline -0.001 -8"><span class='ocrx_word' id='word_1_503' title='bbox 1134 1207 1265 1234; x_wconf 55' lang='lat' dir='ltr'>Attianus</span> <span class='ocrx_word' id='word_1_504' title='bbox 1288 1213 1343 1234; x_wconf 83' lang='lat' dir='ltr'>etc.</span> <span class='ocrx_word' id='word_1_505' title='bbox 1368 1207 1534 1242; x_wconf 85' lang='lat' dir='ltr'>(Epistolar.</span> <span class='ocrx_word' id='word_1_506' title='bbox 1550 1207 1613 1234; x_wconf 94' lang='lat' dir='ltr'>Lib.</span> <span class='ocrx_word' id='word_1_507' title='bbox 1635 1207 1730 1233; x_wconf 78' lang='lat' dir='ltr'><strong>XXII.</strong></span> <span class='ocrx_word' id='word_1_508' title='bbox 1754 1207 1836 1242; x_wconf 83' lang='lat' dir='ltr'>epist.</span> <span class='ocrx_word' id='word_1_509' title='bbox 1852 1216 1900 1242; x_wconf 81' lang='lat'><strong>32.</strong></span> <span class='ocrx_word' id='word_1_510' title='bbox 1924 1208 1969 1234; x_wconf 86' lang='lat' dir='ltr'>ed.</span> 
     </span>
     <span class='ocr_line' id='line_1_68' title="bbox 1134 1247 1971 1281; baseline -0.001 -6"><span class='ocrx_word' id='word_1_511' title='bbox 1134 1248 1220 1275; x_wconf 87' lang='lat' dir='ltr'>Laur.</span> <span class='ocrx_word' id='word_1_512' title='bbox 1236 1247 1365 1281; x_wconf 85' lang='lat' dir='ltr'>Mehus.)</span> <span class='ocrx_word' id='word_1_513' title='bbox 1409 1247 1502 1280; x_wconf 82' lang='lat' dir='ltr'>Quam</span> <span class='ocrx_word' id='word_1_514' title='bbox 1519 1257 1587 1274; x_wconf 85' lang='lat' dir='ltr'>vero</span> <span class='ocrx_word' id='word_1_515' title='bbox 1602 1247 1658 1273; x_wconf 84' lang='lat' dir='ltr'>vim</span> <span class='ocrx_word' id='word_1_516' title='bbox 1679 1247 1812 1274; x_wconf 84' lang='lat' dir='ltr'>habuerit</span> <span class='ocrx_word' id='word_1_517' title='bbox 1834 1247 1869 1274; x_wconf 85' lang='lat' dir='ltr'>ad</span> <span class='ocrx_word' id='word_1_518' title='bbox 1885 1247 1971 1274; x_wconf 84' lang='lat' dir='ltr'>Italo-</span> 
     </span>
     <span class='ocr_line' id='line_1_69' title="bbox 1134 1287 1972 1324; baseline -0.002 -9"><span class='ocrx_word' id='word_1_519' title='bbox 1134 1298 1195 1315; x_wconf 85' lang='lat' dir='ltr'>rum</span> <span class='ocrx_word' id='word_1_520' title='bbox 1229 1288 1378 1315; x_wconf 89' lang='lat' dir='ltr'>hominum</span> <span class='ocrx_word' id='word_1_521' title='bbox 1407 1288 1518 1314; x_wconf 82' lang='lat' dir='ltr'>animos</span> <span class='ocrx_word' id='word_1_522' title='bbox 1547 1287 1672 1314; x_wconf 83' lang='lat' dir='ltr'>Platonis</span> <span class='ocrx_word' id='word_1_523' title='bbox 1701 1287 1972 1324; x_wconf 80' lang='lat' dir='ltr'>Platonicorumque</span> 
     </span>
     <span class='ocr_line' id='line_1_70' title="bbox 1134 1327 1972 1356; baseline -0.001 0"><span class='ocrx_word' id='word_1_524' title='bbox 1134 1338 1231 1356; x_wconf 80' lang='lat' dir='ltr'>umore</span> <span class='ocrx_word' id='word_1_525' title='bbox 1246 1328 1467 1355; x_wconf 83' lang='lat' dir='ltr'>inflammandos</span> <span class='ocrx_word' id='word_1_526' title='bbox 1482 1328 1605 1355; x_wconf 79' lang='lat' dir='ltr'>Geniisti</span> <span class='ocrx_word' id='word_1_527' title='bbox 1620 1328 1767 1355; x_wconf 86' lang='lat' dir='ltr'>Plethonis</span> <span class='ocrx_word' id='word_1_528' title='bbox 1781 1327 1923 1354; x_wconf 81' lang='lat' dir='ltr'>adventus</span> <span class='ocrx_word' id='word_1_529' title='bbox 1937 1328 1972 1355; x_wconf 80' lang='lat' dir='ltr'>ad</span> 
     </span>
     <span class='ocr_line' id='line_1_71' title="bbox 1135 1368 1973 1405; baseline -0.002 -9"><span class='ocrx_word' id='word_1_530' title='bbox 1135 1369 1316 1396; x_wconf 63' lang='lat' dir='ltr'>florentinos</span> <span class='ocrx_word' id='word_1_531' title='bbox 1337 1368 1397 1405; x_wconf 89' lang='lat' dir='ltr'>ipse</span> <span class='ocrx_word' id='word_1_532' title='bbox 1417 1369 1531 1395; x_wconf 82' lang='lat' dir='ltr'>Ficinus</span> <span class='ocrx_word' id='word_1_533' title='bbox 1553 1375 1646 1395; x_wconf 78' lang='lat' dir='ltr'>narrat</span> <span class='ocrx_word' id='word_1_534' title='bbox 1668 1368 1824 1395; x_wconf 81' lang='lat' dir='ltr'>Laurentio</span> <span class='ocrx_word' id='word_1_535' title='bbox 1838 1368 1973 1396; x_wconf 85' lang='lat' dir='ltr'>Medicco</span> 
     </span>
     <span class='ocr_line' id='line_1_72' title="bbox 1134 1408 1973 1446; baseline -0.001 -9"><span class='ocrx_word' id='word_1_536' title='bbox 1134 1416 1256 1446; x_wconf 81' lang='lat' dir='ltr'>patrono</span> <span class='ocrx_word' id='word_1_537' title='bbox 1272 1419 1323 1435; x_wconf 89' lang='lat' dir='ltr'>suo</span> <span class='ocrx_word' id='word_1_538' title='bbox 1339 1409 1366 1435; x_wconf 91' lang='lat' dir='ltr'>in</span> <span class='ocrx_word' id='word_1_539' title='bbox 1384 1409 1524 1436; x_wconf 84' lang='lat' dir='ltr'>Prooemio</span> <span class='ocrx_word' id='word_1_540' title='bbox 1546 1409 1580 1436; x_wconf 82' lang='lat' dir='ltr'>ad</span> <span class='ocrx_word' id='word_1_541' title='bbox 1598 1408 1701 1435; x_wconf 84' lang='lat' dir='ltr'>Plotini</span> <span class='ocrx_word' id='word_1_542' title='bbox 1717 1418 1812 1444; x_wconf 90' lang='lat' dir='ltr'>opera.</span> <span class='ocrx_word' id='word_1_543' title='bbox 1854 1408 1898 1436; x_wconf 92' lang='lat' dir='ltr'>De</span> <span class='ocrx_word' id='word_1_544' title='bbox 1917 1418 1973 1445; x_wconf 85' lang='lat' dir='ltr'>quo</span> 
     </span>
     <span class='ocr_line' id='line_1_73' title="bbox 1135 1449 1974 1485; baseline -0.002 -8"><span class='ocrx_word' id='word_1_545' title='bbox 1135 1451 1252 1477; x_wconf 84' lang='lat' dir='ltr'>doctore</span> <span class='ocrx_word' id='word_1_546' title='bbox 1268 1450 1369 1476; x_wconf 76' lang='lat' dir='ltr'>Graeco</span> <span class='ocrx_word' id='word_1_547' title='bbox 1385 1450 1425 1476; x_wconf 86' lang='lat' dir='ltr'>ita</span> <span class='ocrx_word' id='word_1_548' title='bbox 1439 1449 1598 1476; x_wconf 78' lang='lat' dir='ltr'>Bandinius</span> <span class='ocrx_word' id='word_1_549' title='bbox 1612 1449 1630 1476; x_wconf 93' lang='lat' dir='ltr'><strong>l.</strong></span> <span class='ocrx_word' id='word_1_550' title='bbox 1642 1449 1660 1476; x_wconf 97' lang='lat' dir='ltr'>l.</span> <span class='ocrx_word' id='word_1_551' title='bbox 1677 1449 1720 1476; x_wconf 86' lang='lat' dir='ltr'>cui</span> <span class='ocrx_word' id='word_1_552' title='bbox 1737 1449 1846 1485; x_wconf 83' lang='lat' dir='ltr'>aliquot</span> <span class='ocrx_word' id='word_1_553' title='bbox 1860 1449 1974 1476; x_wconf 79' lang='lat' dir='ltr'>notulas</span> 
     </span>
     <span class='ocr_line' id='line_1_74' title="bbox 1136 1489 1971 1526; baseline -0.001 -9"><span class='ocrx_word' id='word_1_554' title='bbox 1136 1491 1317 1526; x_wconf 86' lang='lat' dir='ltr'>interponam</span> <span class='ocrx_word' id='word_1_555' title='bbox 1333 1489 1504 1525; x_wconf 80' lang='lat' dir='ltr'>addfflnque,</span> <span class='ocrx_word' id='word_1_556' title='bbox 1517 1500 1544 1526; x_wconf 89' lang='lat' dir='ltr'><strong>p.</strong></span> <span class='ocrx_word' id='word_1_557' title='bbox 1560 1497 1612 1525; x_wconf 80' lang='lat'>252</span> <span class='ocrx_word' id='word_1_558' title='bbox 1627 1501 1631 1516; x_wconf 96' lang='lat'><strong>:</strong></span> <span class='ocrx_word' id='word_1_559' title='bbox 1657 1494 1675 1503; x_wconf 82' lang='lat'>·‘</span> <span class='ocrx_word' id='word_1_560' title='bbox 1688 1490 1805 1516; x_wconf 78' lang='lat' dir='ltr'>Postero</span> <span class='ocrx_word' id='word_1_561' title='bbox 1817 1498 1885 1516; x_wconf 86' lang='lat' dir='ltr'>vero</span> <span class='ocrx_word' id='word_1_562' title='bbox 1900 1495 1971 1516; x_wconf 89' lang='lat' dir='ltr'>tem-</span> 
     </span>
     <span class='ocr_line' id='line_1_75' title="bbox 1136 1529 1973 1567; baseline -0.001 -10"><span class='ocrx_word' id='word_1_563' title='bbox 1136 1540 1205 1567; x_wconf 85' lang='lat' dir='ltr'>pore</span> <span class='ocrx_word' id='word_1_564' title='bbox 1223 1531 1354 1566; x_wconf 75' lang='lat' dir='ltr'>Georyius</span> <span class='ocrx_word' id='word_1_565' title='bbox 1371 1530 1512 1559; x_wconf 75' lang='lat' dir='ltr'>Gemislus.</span> <span class='ocrx_word' id='word_1_566' title='bbox 1530 1530 1578 1566; x_wconf 88' lang='lat' dir='ltr'>qui</span> <span class='ocrx_word' id='word_1_567' title='bbox 1601 1536 1630 1557; x_wconf 83' lang='lat' dir='ltr'>et.</span> <span class='ocrx_word' id='word_1_568' title='bbox 1645 1529 1741 1556; x_wconf 75' lang='lat' dir='ltr'>Pletlm</span> <span class='ocrx_word' id='word_1_569' title='bbox 1757 1529 1862 1556; x_wconf 88' lang='lat' dir='ltr'>dicitur</span> <span class='ocrx_word' id='word_1_570' title='bbox 1879 1530 1973 1565; x_wconf 80' lang='grc' dir='ltr'>[Γεὼρ-</span> 
     </span>
     <span class='ocr_line' id='line_1_76' title="bbox 1135 1570 1972 1606; baseline -0.001 -9"><span class='ocrx_word' id='word_1_571' title='bbox 1135 1583 1190 1606; x_wconf 79' lang='grc' dir='ltr'>γιυς</span> <span class='ocrx_word' id='word_1_572' title='bbox 1206 1573 1329 1605; x_wconf 71' lang='grc' dir='ltr'>Γεμιστὸς</span> <span class='ocrx_word' id='word_1_573' title='bbox 1347 1572 1360 1596; x_wconf 90' lang='grc' dir='ltr'><strong><em>ὁ</em></strong></span> <span class='ocrx_word' id='word_1_574' title='bbox 1379 1572 1419 1597; x_wconf 72' lang='grc' dir='ltr'>καὶ</span> <span class='ocrx_word' id='word_1_575' title='bbox 1434 1571 1556 1606; x_wconf 76' lang='grc' dir='ltr'>Πλήθων]</span> <span class='ocrx_word' id='word_1_576' title='bbox 1576 1570 1651 1606; x_wconf 87' lang='lat' dir='ltr'>qnod</span> <span class='ocrx_word' id='word_1_577' title='bbox 1673 1577 1826 1606; x_wconf 86' lang='lat' dir='ltr'>utrumque</span> <span class='ocrx_word' id='word_1_578' title='bbox 1848 1570 1972 1606; x_wconf 85' lang='lat' dir='ltr'>plenitu-</span> 
     </span>
     <span class='ocr_line' id='line_1_77' title="bbox 1136 1610 1973 1646; baseline -0.001 -8"><span class='ocrx_word' id='word_1_579' title='bbox 1136 1613 1231 1639; x_wconf 84' lang='lat' dir='ltr'>dinem</span> <span class='ocrx_word' id='word_1_580' title='bbox 1255 1618 1283 1638; x_wconf 85' lang='lat' dir='ltr'>et</span> <span class='ocrx_word' id='word_1_581' title='bbox 1305 1611 1511 1638; x_wconf 80' lang='lat' dir='ltr'>abundantiam</span> <span class='ocrx_word' id='word_1_582' title='bbox 1526 1611 1645 1638; x_wconf 81' lang='lat' dir='ltr'>denotat</span> <span class='ocrx_word' id='word_1_583' title='bbox 1663 1611 1721 1646; x_wconf 77' lang='lat' dir='ltr'>[vel</span> <span class='ocrx_word' id='word_1_584' title='bbox 1737 1610 1813 1646; x_wconf 89' lang='lat' dir='ltr'>quod</span> <span class='ocrx_word' id='word_1_585' title='bbox 1827 1610 1862 1637; x_wconf 90' lang='lat' dir='ltr'>ad</span> <span class='ocrx_word' id='word_1_586' title='bbox 1879 1610 1973 1638; x_wconf 83' lang='lat' dir='ltr'>Plato-</span> 
     </span>
     <span class='ocr_line' id='line_1_78' title="bbox 1137 1651 1974 1687; baseline -0.001 -8"><span class='ocrx_word' id='word_1_587' title='bbox 1137 1653 1187 1681; x_wconf 79' lang='lat' dir='ltr'>nis.</span> <span class='ocrx_word' id='word_1_588' title='bbox 1203 1662 1288 1687; x_wconf 87' lang='lat' dir='ltr'>quem</span> <span class='ocrx_word' id='word_1_589' title='bbox 1304 1653 1331 1679; x_wconf 90' lang='lat' dir='ltr'>in</span> <span class='ocrx_word' id='word_1_590' title='bbox 1345 1652 1435 1679; x_wconf 90' lang='lat' dir='ltr'>oculis</span> <span class='ocrx_word' id='word_1_591' title='bbox 1450 1651 1567 1682; x_wconf 75' lang='lat' dir='ltr'>ferebat,</span> <span class='ocrx_word' id='word_1_592' title='bbox 1581 1661 1666 1687; x_wconf 83' lang='lat' dir='ltr'>quam</span> <span class='ocrx_word' id='word_1_593' title='bbox 1683 1651 1809 1687; x_wconf 77' lang='lat' dir='ltr'>proxime</span> <span class='ocrx_word' id='word_1_594' title='bbox 1825 1651 1974 1678; x_wconf 84' lang='lat' dir='ltr'>accederet</span> 
     </span>
     <span class='ocr_line' id='line_1_79' title="bbox 1138 1690 1974 1728; baseline -0.002 -8"><span class='ocrx_word' id='word_1_595' title='bbox 1138 1702 1244 1720; x_wconf 89' lang='lat' dir='ltr'>nomen</span> <span class='ocrx_word' id='word_1_596' title='bbox 1262 1692 1417 1719; x_wconf 74' lang='lat' dir='ltr'>Pletlionis.</span> <span class='ocrx_word' id='word_1_597' title='bbox 1441 1692 1569 1718; x_wconf 86' lang='lat' dir='ltr'>Boerner</span> <span class='ocrx_word' id='word_1_598' title='bbox 1583 1702 1610 1728; x_wconf 87' lang='lat' dir='ltr'>p.</span> <span class='ocrx_word' id='word_1_599' title='bbox 1624 1693 1691 1727; x_wconf 69' lang='grc'>39].</span> <span class='ocrx_word' id='word_1_600' title='bbox 1723 1691 1774 1717; x_wconf 77' lang='lat' dir='ltr'>Vir</span> <span class='ocrx_word' id='word_1_601' title='bbox 1794 1690 1901 1718; x_wconf 76' lang='lat' dir='ltr'>Graecae</span> <span class='ocrx_word' id='word_1_602' title='bbox 1923 1691 1974 1718; x_wconf 93' lang='lat' dir='ltr'>im-</span> 
     </span>
     <span class='ocr_line' id='line_1_80' title="bbox 1138 1731 1974 1769; baseline -0.001 -10"><span class='ocrx_word' id='word_1_603' title='bbox 1138 1733 1236 1769; x_wconf 84' lang='lat' dir='ltr'>primis</span> <span class='ocrx_word' id='word_1_604' title='bbox 1258 1733 1411 1760; x_wconf 77' lang='lat' dir='ltr'>Plutonicae</span> <span class='ocrx_word' id='word_1_605' title='bbox 1433 1732 1619 1768; x_wconf 70' lang='lat' dir='ltr'>philosophiae</span> <span class='ocrx_word' id='word_1_606' title='bbox 1642 1731 1829 1768; x_wconf 80' lang='lat' dir='ltr'>peritissimis,</span> <span class='ocrx_word' id='word_1_607' title='bbox 1851 1732 1974 1759; x_wconf 81' lang='lat' dir='ltr'>Alexan-</span> 
     </span>
     <span class='ocr_line' id='line_1_81' title="bbox 1138 1772 1974 1808; baseline -0.002 -8"><span class='ocrx_word' id='word_1_608' title='bbox 1138 1774 1286 1800; x_wconf 85' lang='lat' dir='ltr'>drinorum</span> <span class='ocrx_word' id='word_1_609' title='bbox 1304 1773 1511 1800; x_wconf 72' lang='lat' dir='ltr'>Platonis-mum</span> <span class='ocrx_word' id='word_1_610' title='bbox 1534 1773 1561 1799; x_wconf 89' lang='lat' dir='ltr'>in</span> <span class='ocrx_word' id='word_1_611' title='bbox 1579 1772 1662 1799; x_wconf 81' lang='lat' dir='ltr'>ltalia</span> <span class='ocrx_word' id='word_1_612' title='bbox 1682 1772 1888 1799; x_wconf 83' lang='lat' dir='ltr'>studiosissime</span> <span class='ocrx_word' id='word_1_613' title='bbox 1910 1781 1974 1808; x_wconf 87' lang='lat' dir='ltr'>pro-</span> 
     </span>
     <span class='ocr_line' id='line_1_82' title="bbox 1139 1812 1975 1850; baseline -0.001 -10"><span class='ocrx_word' id='word_1_614' title='bbox 1139 1814 1286 1850; x_wconf 62' lang='lat' dir='ltr'>pugnavit.</span> <span class='ocrx_word' id='word_1_615' title='bbox 1332 1814 1443 1841; x_wconf 72' lang='lat' dir='ltr'>Iudicio</span> <span class='ocrx_word' id='word_1_616' title='bbox 1466 1813 1541 1840; x_wconf 86' lang='lat' dir='ltr'>enim</span> <span class='ocrx_word' id='word_1_617' title='bbox 1563 1813 1695 1843; x_wconf 78' lang='lat' dir='ltr'>concilio,</span> <span class='ocrx_word' id='word_1_618' title='bbox 1712 1822 1777 1839; x_wconf 92' lang='lat' dir='ltr'>cnm</span> <span class='ocrx_word' id='word_1_619' title='bbox 1793 1812 1854 1838; x_wconf 84' lang='lat' dir='ltr'>aliis</span> <span class='ocrx_word' id='word_1_620' title='bbox 1869 1812 1975 1839; x_wconf 72' lang='lat' dir='ltr'>Grzecis</span> 
     </span>
     <span class='ocr_line' id='line_1_83' title="bbox 1143 1852 1974 1890; baseline -0.002 -9"><span class='ocrx_word' id='word_1_621' title='bbox 1143 1855 1269 1890; x_wconf 66' lang='lat' dir='ltr'>[Joanne</span> <span class='ocrx_word' id='word_1_622' title='bbox 1283 1854 1454 1889; x_wconf 66' lang='lat' dir='ltr'>l&#39;alaeologo]</span> <span class='ocrx_word' id='word_1_623' title='bbox 1468 1853 1619 1881; x_wconf 88' lang='lat' dir='ltr'>Theodoro</span> <span class='ocrx_word' id='word_1_624' title='bbox 1631 1855 1711 1879; x_wconf 61' lang='lat' dir='ltr'>(Gaza</span> <span class='ocrx_word' id='word_1_625' title='bbox 1726 1860 1754 1879; x_wconf 87' lang='lat' dir='ltr'>et</span> <span class='ocrx_word' id='word_1_626' title='bbox 1770 1852 1974 1882; x_wconf 63' lang='lat' dir='ltr'>Bessarione·‘’‘.</span> 
     </span>
     <span class='ocr_line' id='line_1_84' title="bbox 1140 1893 1973 1932; baseline -0.002 -11"><span class='ocrx_word' id='word_1_627' title='bbox 1140 1897 1219 1932; x_wconf 81' lang='lat' dir='ltr'>cujus</span> <span class='ocrx_word' id='word_1_628' title='bbox 1234 1895 1281 1922; x_wconf 84' lang='lat' dir='ltr'>ille</span> <span class='ocrx_word' id='word_1_629' title='bbox 1297 1901 1454 1931; x_wconf 64' lang='lat' dir='ltr'>praeceptor</span> <span class='ocrx_word' id='word_1_630' title='bbox 1468 1894 1530 1924; x_wconf 86' lang='lat' dir='ltr'>fuit,</span> <span class='ocrx_word' id='word_1_631' title='bbox 1544 1894 1573 1920; x_wconf 92' lang='lat' dir='ltr'>in</span> <span class='ocrx_word' id='word_1_632' title='bbox 1590 1893 1702 1920; x_wconf 79' lang='lat' dir='ltr'>ltaliam</span> <span class='ocrx_word' id='word_1_633' title='bbox 1717 1893 1806 1923; x_wconf 88' lang='lat' dir='ltr'>venit,</span> <span class='ocrx_word' id='word_1_634' title='bbox 1819 1899 1848 1920; x_wconf 87' lang='lat' dir='ltr'>et</span> <span class='ocrx_word' id='word_1_635' title='bbox 1859 1894 1973 1920; x_wconf 81' lang='lat' dir='ltr'>Graeco-</span> 
     </span>
     <span class='ocr_line' id='line_1_85' title="bbox 1139 1933 1975 1972; baseline -0.004 -10"><span class='ocrx_word' id='word_1_636' title='bbox 1139 1945 1202 1962; x_wconf 88' lang='lat' dir='ltr'>rum</span> <span class='ocrx_word' id='word_1_637' title='bbox 1218 1935 1346 1972; x_wconf 75' lang='lat' dir='ltr'>partibus</span> <span class='ocrx_word' id='word_1_638' title='bbox 1361 1934 1439 1967; x_wconf 79' lang='lat' dir='ltr'>savit,</span> <span class='ocrx_word' id='word_1_639' title='bbox 1457 1935 1505 1971; x_wconf 91' lang='lat' dir='ltr'>qui</span> <span class='ocrx_word' id='word_1_640' title='bbox 1525 1934 1661 1961; x_wconf 88' lang='lat' dir='ltr'>unionem</span> <span class='ocrx_word' id='word_1_641' title='bbox 1681 1943 1747 1961; x_wconf 92' lang='lat' dir='ltr'>cum</span> <span class='ocrx_word' id='word_1_642' title='bbox 1762 1933 1872 1960; x_wconf 81' lang='lat' dir='ltr'>Latinis</span> <span class='ocrx_word' id='word_1_643' title='bbox 1894 1942 1975 1960; x_wconf 81' lang='lat' dir='ltr'>aver-</span> 
     </span>
     <span class='ocr_line' id='line_1_86' title="bbox 1139 1974 1976 2011; baseline -0.004 -8"><span class='ocrx_word' id='word_1_644' title='bbox 1139 1977 1285 2003; x_wconf 85' lang='lat' dir='ltr'>sabantur.</span> <span class='ocrx_word' id='word_1_645' title='bbox 1319 1976 1421 2002; x_wconf 83' lang='lat' dir='ltr'>Postea</span> <span class='ocrx_word' id='word_1_646' title='bbox 1436 1984 1504 2002; x_wconf 84' lang='lat' dir='ltr'>vero</span> <span class='ocrx_word' id='word_1_647' title='bbox 1519 1975 1611 2011; x_wconf 84' lang='lat' dir='ltr'>patria</span> <span class='ocrx_word' id='word_1_648' title='bbox 1626 1974 1745 2001; x_wconf 84' lang='lat' dir='ltr'>extorris</span> <span class='ocrx_word' id='word_1_649' title='bbox 1759 1982 1792 2000; x_wconf 86' lang='lat' dir='ltr'>ac</span> <span class='ocrx_word' id='word_1_650' title='bbox 1806 1974 1976 2001; x_wconf 76' lang='lat' dir='ltr'>necessitate</span> 
     </span>
     <span class='ocr_line' id='line_1_87' title="bbox 1140 2013 1976 2052; baseline -0.004 -9"><span class='ocrx_word' id='word_1_651' title='bbox 1140 2023 1257 2044; x_wconf 80' lang='lat' dir='ltr'>coactns</span> <span class='ocrx_word' id='word_1_652' title='bbox 1274 2026 1362 2052; x_wconf 88' lang='lat' dir='ltr'>quum</span> <span class='ocrx_word' id='word_1_653' title='bbox 1379 2015 1546 2042; x_wconf 90' lang='lat' dir='ltr'>Latinorum</span> <span class='ocrx_word' id='word_1_654' title='bbox 1567 2014 1695 2051; x_wconf 82' lang='lat' dir='ltr'>partibus</span> <span class='ocrx_word' id='word_1_655' title='bbox 1717 2013 1890 2045; x_wconf 65' lang='lat' dir='ltr'>adhaesisset,</span> <span class='ocrx_word' id='word_1_656' title='bbox 1907 2023 1976 2041; x_wconf 88' lang='lat' dir='ltr'>con-</span> 
     </span>
     <span class='ocr_line' id='line_1_88' title="bbox 1141 2054 1975 2090; baseline -0.004 -6"><span class='ocrx_word' id='word_1_657' title='bbox 1141 2063 1184 2084; x_wconf 79' lang='lat' dir='ltr'>tra</span> <span class='ocrx_word' id='word_1_658' title='bbox 1199 2056 1365 2083; x_wconf 79' lang='lat' dir='ltr'>Manuelem</span> <span class='ocrx_word' id='word_1_659' title='bbox 1382 2056 1529 2083; x_wconf 77' lang='lat' dir='ltr'>Malaxurn</span> <span class='ocrx_word' id='word_1_660' title='bbox 1548 2055 1653 2082; x_wconf 89' lang='lat' dir='ltr'>librum</span> <span class='ocrx_word' id='word_1_661' title='bbox 1675 2054 1786 2090; x_wconf 84' lang='lat' dir='ltr'>scripsit</span> <span class='ocrx_word' id='word_1_662' title='bbox 1805 2054 1840 2081; x_wconf 88' lang='lat' dir='ltr'>de</span> <span class='ocrx_word' id='word_1_663' title='bbox 1860 2055 1975 2081; x_wconf 85' lang='lat' dir='ltr'>Proces-</span> 
     </span>
     <span class='ocr_line' id='line_1_89' title="bbox 1141 2094 1978 2133; baseline -0.004 -9"><span class='ocrx_word' id='word_1_664' title='bbox 1141 2098 1222 2124; x_wconf 82' lang='lat' dir='ltr'>sione</span> <span class='ocrx_word' id='word_1_665' title='bbox 1247 2096 1370 2133; x_wconf 84' lang='lat' dir='ltr'>Spiritus</span> <span class='ocrx_word' id='word_1_666' title='bbox 1395 2096 1505 2123; x_wconf 81' lang='lat' dir='ltr'>Sancti.</span> <span class='ocrx_word' id='word_1_667' title='bbox 1548 2095 1706 2122; x_wconf 85' lang='lat' dir='ltr'>Certissimi</span> <span class='ocrx_word' id='word_1_668' title='bbox 1732 2097 1792 2131; x_wconf 88' lang='lat' dir='ltr'>ejus</span> <span class='ocrx_word' id='word_1_669' title='bbox 1817 2094 1978 2122; x_wconf 90' lang='lat' dir='ltr'>divinarum</span> 
     </span>
     <span class='ocr_line' id='line_1_90' title="bbox 1141 2135 1978 2173; baseline -0.002 -9"><span class='ocrx_word' id='word_1_670' title='bbox 1141 2138 1389 2173; x_wconf 82' lang='lat' dir='ltr'>humanarumque</span> <span class='ocrx_word' id='word_1_671' title='bbox 1411 2146 1506 2163; x_wconf 91' lang='lat' dir='ltr'>rerum</span> <span class='ocrx_word' id='word_1_672' title='bbox 1527 2135 1697 2173; x_wconf 83' lang='lat' dir='ltr'>cognitionis</span> <span class='ocrx_word' id='word_1_673' title='bbox 1718 2141 1805 2161; x_wconf 85' lang='lat' dir='ltr'>testes</span> <span class='ocrx_word' id='word_1_674' title='bbox 1827 2141 1893 2162; x_wconf 82' lang='lat' dir='ltr'>sunt</span> <span class='ocrx_word' id='word_1_675' title='bbox 1913 2135 1978 2162; x_wconf 89' lang='lat' dir='ltr'>libri</span> 
     </span>
     <span class='ocr_line' id='line_1_91' title="bbox 1142 2175 1978 2214; baseline -0.002 -9"><span class='ocrx_word' id='word_1_676' title='bbox 1142 2178 1177 2205; x_wconf 85' lang='lat' dir='ltr'>ab</span> <span class='ocrx_word' id='word_1_677' title='bbox 1198 2178 1259 2214; x_wconf 85' lang='lat' dir='ltr'>ipso</span> <span class='ocrx_word' id='word_1_678' title='bbox 1281 2178 1358 2209; x_wconf 83' lang='lat' dir='ltr'>editi,</span> <span class='ocrx_word' id='word_1_679' title='bbox 1375 2186 1440 2203; x_wconf 90' lang='lat' dir='ltr'>cum</span> <span class='ocrx_word' id='word_1_680' title='bbox 1463 2176 1589 2203; x_wconf 83' lang='lat' dir='ltr'>historici</span> <span class='ocrx_word' id='word_1_681' title='bbox 1612 2182 1671 2202; x_wconf 88' lang='lat' dir='ltr'>tum</span> <span class='ocrx_word' id='word_1_682' title='bbox 1693 2175 1892 2211; x_wconf 79' lang='lat' dir='ltr'>philosophici,</span> <span class='ocrx_word' id='word_1_683' title='bbox 1909 2185 1978 2212; x_wconf 90' lang='lat' dir='ltr'>quo-</span> 
     </span>
     <span class='ocr_line' id='line_1_92' title="bbox 1143 2215 1978 2252; baseline -0.001 -7"><span class='ocrx_word' id='word_1_684' title='bbox 1143 2228 1205 2245; x_wconf 89' lang='lat' dir='ltr'>rnm</span> <span class='ocrx_word' id='word_1_685' title='bbox 1231 2228 1381 2245; x_wconf 87' lang='lat' dir='ltr'>recensum</span> <span class='ocrx_word' id='word_1_686' title='bbox 1407 2216 1471 2244; x_wconf 85' lang='lat' dir='ltr'>vide</span> <span class='ocrx_word' id='word_1_687' title='bbox 1497 2216 1572 2252; x_wconf 81' lang='lat' dir='ltr'>apud</span> <span class='ocrx_word' id='word_1_688' title='bbox 1599 2215 1760 2242; x_wconf 84' lang='lat' dir='ltr'>Fabricium</span> <span class='ocrx_word' id='word_1_689' title='bbox 1787 2216 1861 2243; x_wconf 88' lang='lat' dir='ltr'>Bibl.</span> <span class='ocrx_word' id='word_1_690' title='bbox 1885 2216 1978 2244; x_wconf 78' lang='lat' dir='ltr'>Graec.</span> 
     </span>
     <span class='ocr_line' id='line_1_93' title="bbox 1143 2255 1979 2294; baseline -0.001 -9"><span class='ocrx_word' id='word_1_691' title='bbox 1143 2258 1209 2285; x_wconf 88' lang='lat' dir='ltr'>Vol.</span> <span class='ocrx_word' id='word_1_692' title='bbox 1226 2258 1261 2285; x_wconf 81' lang='lat' dir='ltr'>X.</span> <span class='ocrx_word' id='word_1_693' title='bbox 1283 2268 1310 2294; x_wconf 79' lang='lat' dir='ltr'>p.</span> <span class='ocrx_word' id='word_1_694' title='bbox 1329 2266 1394 2292; x_wconf 80' lang='lat'><strong>740.</strong></span> <span class='ocrx_word' id='word_1_695' title='bbox 1410 2267 1471 2293; x_wconf 79' lang='lat' dir='ltr'>sqq.</span> <span class='ocrx_word' id='word_1_696' title='bbox 1501 2256 1648 2283; x_wconf 88' lang='lat' dir='ltr'>Oudinum</span> <span class='ocrx_word' id='word_1_697' title='bbox 1669 2255 1704 2282; x_wconf 88' lang='lat' dir='ltr'>de</span> <span class='ocrx_word' id='word_1_698' title='bbox 1726 2256 1912 2292; x_wconf 83' lang='lat' dir='ltr'>scriptoribus</span> <span class='ocrx_word' id='word_1_699' title='bbox 1926 2257 1979 2284; x_wconf 59' lang='lat' dir='ltr'>Ec&lt;</span> 
     </span>
     <span class='ocr_line' id='line_1_94' title="bbox 1144 2296 1979 2333; baseline -0.002 -7"><span class='ocrx_word' id='word_1_700' title='bbox 1144 2299 1309 2326; x_wconf 84' lang='lat' dir='ltr'>clesiasticis</span> <span class='ocrx_word' id='word_1_701' title='bbox 1323 2298 1404 2325; x_wconf 89' lang='lat' dir='ltr'>Tom.</span> <span class='ocrx_word' id='word_1_702' title='bbox 1420 2297 1474 2324; x_wconf 89' lang='lat' dir='ltr'><strong>III.</strong></span> <span class='ocrx_word' id='word_1_703' title='bbox 1490 2307 1519 2333; x_wconf 92' lang='lat' dir='ltr'>p.</span> <span class='ocrx_word' id='word_1_704' title='bbox 1539 2297 1624 2331; x_wconf 76' lang='lat'><strong>2348.</strong></span> <span class='ocrx_word' id='word_1_705' title='bbox 1649 2301 1666 2311; x_wconf 84' lang='lat'>‘¹</span> <span class='ocrx_word' id='word_1_706' title='bbox 1678 2296 1759 2323; x_wconf 72' lang='lat' dir='ltr'>Adde</span> <span class='ocrx_word' id='word_1_707' title='bbox 1777 2296 1879 2324; x_wconf 82' lang='lat' dir='ltr'>Hardti</span> <span class='ocrx_word' id='word_1_708' title='bbox 1894 2297 1979 2324; x_wconf 75' lang='lat' dir='ltr'>Cata-</span> 
     </span>
     <span class='ocr_line' id='line_1_95' title="bbox 1142 2336 1978 2376; baseline -0.002 -10"><span class='ocrx_word' id='word_1_709' title='bbox 1142 2339 1239 2376; x_wconf 81' lang='lat' dir='ltr'>lognm</span> <span class='ocrx_word' id='word_1_710' title='bbox 1257 2338 1340 2365; x_wconf 87' lang='lat' dir='ltr'>codd.</span> <span class='ocrx_word' id='word_1_711' title='bbox 1352 2338 1415 2365; x_wconf 87' lang='lat' dir='ltr'>Grr.</span> <span class='ocrx_word' id='word_1_712' title='bbox 1429 2338 1563 2364; x_wconf 82' lang='lat' dir='ltr'>Monaec.</span> <span class='ocrx_word' id='word_1_713' title='bbox 1575 2337 1657 2363; x_wconf 83' lang='lat' dir='ltr'>&#39;Iom.</span> <span class='ocrx_word' id='word_1_714' title='bbox 1670 2336 1690 2363; x_wconf 90' lang='lat'><strong>1.</strong></span> <span class='ocrx_word' id='word_1_715' title='bbox 1707 2346 1734 2372; x_wconf 86' lang='lat' dir='ltr'>p.</span> <span class='ocrx_word' id='word_1_716' title='bbox 1751 2345 1814 2372; x_wconf 82' lang='lat'><strong>145.</strong></span> <span class='ocrx_word' id='word_1_717' title='bbox 1831 2343 1899 2373; x_wconf 88' lang='lat' dir='ltr'>etp.</span> <span class='ocrx_word' id='word_1_718' title='bbox 1909 2346 1978 2374; x_wconf 85' lang='lat'><strong>457.</strong></span> 
     </span>
    </p>

    <p class='ocr_par' dir='ltr' id='par_1_13' title="bbox 1143 2377 1978 2416">
     <span class='ocr_line' id='line_1_96' title="bbox 1143 2377 1978 2416; baseline -0.001 -10"><span class='ocrx_word' id='word_1_719' title='bbox 1143 2380 1185 2406; x_wconf 82' lang='lat' dir='ltr'>De</span> <span class='ocrx_word' id='word_1_720' title='bbox 1207 2382 1267 2416; x_wconf 85' lang='lat' dir='ltr'>ejus</span> <span class='ocrx_word' id='word_1_721' title='bbox 1283 2379 1371 2413; x_wconf 73' lang='lat' dir='ltr'>Eclog</span> <span class='ocrx_word' id='word_1_722' title='bbox 1361 2379 1396 2405; x_wconf 92' lang='lat' dir='ltr'>is</span> <span class='ocrx_word' id='word_1_723' title='bbox 1411 2378 1514 2413; x_wconf 91' lang='lat' dir='ltr'>quibus</span> <span class='ocrx_word' id='word_1_724' title='bbox 1535 2377 1583 2404; x_wconf 67' lang='lat' dir='ltr'>eti.</span> <span class='ocrx_word' id='word_1_725' title='bbox 1585 2387 1621 2403; x_wconf 85' lang='lat' dir='ltr'>nn</span> <span class='ocrx_word' id='word_1_726' title='bbox 1638 2377 1787 2404; x_wconf 84' lang='lat' dir='ltr'>mirificam</span> <span class='ocrx_word' id='word_1_727' title='bbox 1805 2377 1884 2404; x_wconf 83' lang='lat' dir='ltr'>illam</span> <span class='ocrx_word' id='word_1_728' title='bbox 1899 2377 1978 2405; x_wconf 84' lang='lat' dir='ltr'>fabu-</span> 
     </span>
    </p>

    <p class='ocr_par' dir='ltr' id='par_1_14' title="bbox 1142 2417 1979 2454">
     <span class='ocr_line' id='line_1_97' title="bbox 1142 2417 1979 2454; baseline -0.001 -8"><span class='ocrx_word' id='word_1_729' title='bbox 1142 2420 1199 2446; x_wconf 88' lang='lat' dir='ltr'>lam</span> <span class='ocrx_word' id='word_1_730' title='bbox 1215 2420 1250 2446; x_wconf 87' lang='lat' dir='ltr'>de</span> <span class='ocrx_word' id='word_1_731' title='bbox 1266 2419 1391 2446; x_wconf 86' lang='lat' dir='ltr'>Hercule</span> <span class='ocrx_word' id='word_1_732' title='bbox 1406 2417 1535 2445; x_wconf 89' lang='lat' dir='ltr'>Prodicio</span> <span class='ocrx_word' id='word_1_733' title='bbox 1551 2427 1597 2454; x_wconf 88' lang='lat' dir='ltr'>ap.</span> <span class='ocrx_word' id='word_1_734' title='bbox 1614 2417 1861 2453; x_wconf 84' lang='lat' dir='ltr'>Xenophontem</span> <span class='ocrx_word' id='word_1_735' title='bbox 1854 2427 1979 2445; x_wconf 85' lang='lat' dir='ltr'>inserue-</span> 
     </span>
    </p>
   </div>
   <div class='ocr_carea' id='block_1_9' title="bbox 286 2497 1981 2528">
    <p class='ocr_par' dir='ltr' id='par_1_15' title="bbox 286 2497 1981 2528">
     <span class='ocr_line' id='line_1_98' title="bbox 286 2497 1981 2528; baseline -0.002 -5"><span class='ocrx_word' id='word_1_736' title='bbox 286 2501 299 2514; x_wconf 78' lang='lat'><em>*</em></span> <span class='ocrx_word' id='word_1_737' title='bbox 316 2500 353 2523; x_wconf 88' lang='lat' dir='ltr'>De</span> <span class='ocrx_word' id='word_1_738' title='bbox 368 2499 515 2522; x_wconf 82' lang='lat' dir='ltr'>Bessarionis</span> <span class='ocrx_word' id='word_1_739' title='bbox 531 2507 585 2521; x_wconf 86' lang='lat' dir='ltr'>cnm</span> <span class='ocrx_word' id='word_1_740' title='bbox 604 2499 706 2528; x_wconf 75' lang='lat' dir='ltr'>Geni-gio</span> <span class='ocrx_word' id='word_1_741' title='bbox 719 2498 880 2528; x_wconf 86' lang='lat' dir='ltr'>Trapezuntio</span> <span class='ocrx_word' id='word_1_742' title='bbox 897 2500 1056 2522; x_wconf 76' lang='lat' dir='ltr'>controversia</span> <span class='ocrx_word' id='word_1_743' title='bbox 1074 2499 1182 2528; x_wconf 83' lang='lat' dir='ltr'>illiusque</span> <span class='ocrx_word' id='word_1_744' title='bbox 1199 2498 1295 2528; x_wconf 73' lang='lat' dir='ltr'>scripto,</span> <span class='ocrx_word' id='word_1_745' title='bbox 1307 2498 1369 2527; x_wconf 82' lang='lat' dir='ltr'>quod</span> <span class='ocrx_word' id='word_1_746' title='bbox 1381 2498 1532 2520; x_wconf 83' lang='lat' dir='ltr'>inscribitur:</span> <span class='ocrx_word' id='word_1_747' title='bbox 1551 2497 1699 2519; x_wconf 74' lang='lat' dir='ltr'>Bessarionis</span> <span class='ocrx_word' id='word_1_748' title='bbox 1713 2497 1850 2520; x_wconf 75' lang='lat' dir='ltr'>cardinalis</span> <span class='ocrx_word' id='word_1_749' title='bbox 1861 2498 1944 2520; x_wconf 75' lang='lat' dir='ltr'>Sabim·</span> <span class='ocrx_word' id='word_1_750' title='bbox 1960 2504 1981 2522; x_wconf 75' lang='lat' dir='ltr'>et</span> 
     </span>
    </p>
   </div>
   <div class='ocr_carea' id='block_1_10' title="bbox 255 2529 1980 2592">
    <p class='ocr_par' dir='ltr' id='par_1_16' title="bbox 255 2529 1980 2592">
     <span class='ocr_line' id='line_1_99' title="bbox 255 2529 1703 2560; baseline -0.003 -5"><span class='ocrx_word' id='word_1_751' title='bbox 255 2532 403 2556; x_wconf 76' lang='lat' dir='ltr'>Patriarchae</span> <span class='ocrx_word' id='word_1_752' title='bbox 416 2531 667 2560; x_wconf 76' lang='lat' dir='ltr'>Constantinopolitani</span> <span class='ocrx_word' id='word_1_753' title='bbox 680 2531 733 2553; x_wconf 71' lang='lat' dir='ltr'>libri</span> <span class='ocrx_word' id='word_1_754' title='bbox 751 2532 776 2553; x_wconf 70' lang='lat' dir='ltr'><strong>V.</strong></span> <span class='ocrx_word' id='word_1_755' title='bbox 789 2532 901 2553; x_wconf 72' lang='lat' dir='ltr'>adversus</span> <span class='ocrx_word' id='word_1_756' title='bbox 915 2532 1113 2554; x_wconf 76' lang='lat' dir='ltr'>Culunmiatorem</span> <span class='ocrx_word' id='word_1_757' title='bbox 1128 2531 1235 2554; x_wconf 74' lang='lat' dir='ltr'>Platonis</span> <span class='ocrx_word' id='word_1_758' title='bbox 1248 2531 1343 2560; x_wconf 77' lang='lat' dir='ltr'>(quilius</span> <span class='ocrx_word' id='word_1_759' title='bbox 1361 2535 1440 2552; x_wconf 81' lang='lat' dir='ltr'>sextus</span> <span class='ocrx_word' id='word_1_760' title='bbox 1457 2530 1552 2552; x_wconf 72' lang='lat' dir='ltr'>accessit</span> <span class='ocrx_word' id='word_1_761' title='bbox 1564 2530 1608 2552; x_wconf 70' lang='lat' dir='ltr'>hoc</span> <span class='ocrx_word' id='word_1_762' title='bbox 1619 2529 1703 2552; x_wconf 86' lang='lat' dir='ltr'>titulo:</span> 
     </span>
     <span class='ocr_line' id='line_1_100' title="bbox 918 2562 1980 2592; baseline 0 -7"><span class='ocrx_word' id='word_1_763' title='bbox 918 2564 1004 2592; x_wconf 72' lang='lat' dir='ltr'>Auyeli</span> <span class='ocrx_word' id='word_1_764' title='bbox 1020 2565 1110 2586; x_wconf 68' lang='lat' dir='ltr'>Blarioe</span> <span class='ocrx_word' id='word_1_765' title='bbox 1124 2563 1260 2586; x_wconf 80' lang='lat' dir='ltr'>Cardinalis</span> <span class='ocrx_word' id='word_1_766' title='bbox 1274 2563 1369 2588; x_wconf 78' lang='lat' dir='ltr'>Quirini</span> <span class='ocrx_word' id='word_1_767' title='bbox 1386 2562 1438 2584; x_wconf 81' lang='lat' dir='ltr'>libr.</span> <span class='ocrx_word' id='word_1_768' title='bbox 1451 2562 1612 2592; x_wconf 71' lang='lat' dir='ltr'>s²ngularemz</span> <span class='ocrx_word' id='word_1_769' title='bbox 1632 2562 1668 2584; x_wconf 85' lang='lat' dir='ltr'>De</span> <span class='ocrx_word' id='word_1_770' title='bbox 1679 2562 1822 2591; x_wconf 80' lang='lat' dir='ltr'>optimorum</span> <span class='ocrx_word' id='word_1_771' title='bbox 1835 2562 1980 2592; x_wconf 77' lang='lat' dir='ltr'>Scriptorum</span> 
     </span>
    </p>
   </div>
   <div class='ocr_carea' id='block_1_11' title="bbox 254 2563 903 2593">
    <p class='ocr_par' dir='ltr' id='par_1_17' title="bbox 254 2563 903 2593">
     <span class='ocr_line' id='line_1_101' title="bbox 254 2563 903 2593; baseline -0.005 -5"><span class='ocrx_word' id='word_1_772' title='bbox 254 2567 313 2588; x_wconf 74' lang='lat' dir='ltr'>Arte</span> <span class='ocrx_word' id='word_1_773' title='bbox 324 2565 436 2587; x_wconf 76' lang='lat' dir='ltr'>aduersus</span> <span class='ocrx_word' id='word_1_774' title='bbox 449 2564 574 2592; x_wconf 63' lang='lat' dir='ltr'>Georgium</span> <span class='ocrx_word' id='word_1_775' title='bbox 592 2563 792 2593; x_wconf 76' lang='lat' dir='ltr'>Trapezunlium)</span> <span class='ocrx_word' id='word_1_776' title='bbox 808 2564 903 2586; x_wconf 72' lang='lat' dir='ltr'>consule</span> 
     </span>
    </p>
   </div>
   <div class='ocr_carea' id='block_1_12' title="bbox 1722 2530 1982 2555">
    <p class='ocr_par' dir='ltr' id='par_1_18' title="bbox 1722 2530 1982 2555">
     <span class='ocr_line' id='line_1_102' title="bbox 1722 2530 1982 2555; baseline 0.015 -4"><span class='ocrx_word' id='word_1_777' title='bbox 1722 2530 1793 2552; x_wconf 73' lang='lat' dir='ltr'>Liber</span> <span class='ocrx_word' id='word_1_778' title='bbox 1804 2530 1832 2552; x_wconf 82' lang='lat' dir='ltr'>de</span> <span class='ocrx_word' id='word_1_779' title='bbox 1844 2530 1944 2553; x_wconf 67' lang='grc' dir='ltr'>Α’(ιίυιπ</span> <span class='ocrx_word' id='word_1_780' title='bbox 1959 2536 1982 2555; x_wconf 73' lang='lat' dir='ltr'>et</span> 
     </span>
    </p>
   </div>
   <div class='ocr_carea' id='block_1_13' title="bbox 256 2594 1981 2627">
    <p class='ocr_par' dir='ltr' id='par_1_19' title="bbox 256 2594 1981 2627">
     <span class='ocr_line' id='line_1_103' title="bbox 256 2594 1981 2627; baseline -0.001 -6"><span class='ocrx_word' id='word_1_781' title='bbox 256 2598 412 2625; x_wconf 80' lang='lat' dir='ltr'>Editionibus,</span> <span class='ocrx_word' id='word_1_782' title='bbox 425 2597 465 2627; x_wconf 85' lang='lat' dir='ltr'>qui</span> <span class='ocrx_word' id='word_1_783' title='bbox 483 2596 586 2626; x_wconf 83' lang='lat' dir='ltr'>primum</span> <span class='ocrx_word' id='word_1_784' title='bbox 606 2595 687 2618; x_wconf 80' lang='lat' dir='ltr'>Romae</span> <span class='ocrx_word' id='word_1_785' title='bbox 705 2601 757 2625; x_wconf 83' lang='lat' dir='ltr'>post</span> <span class='ocrx_word' id='word_1_786' title='bbox 773 2596 947 2626; x_wconf 75' lang='lat' dir='ltr'>&#39;l&#39;ypograpliiae</span> <span class='ocrx_word' id='word_1_787' title='bbox 965 2597 1090 2619; x_wconf 80' lang='lat' dir='ltr'>inventum</span> <span class='ocrx_word' id='word_1_788' title='bbox 1109 2596 1248 2626; x_wconf 81' lang='lat' dir='ltr'>prodierunt</span> <span class='ocrx_word' id='word_1_789' title='bbox 1264 2595 1300 2618; x_wconf 81' lang='lat' dir='ltr'>ed.</span> <span class='ocrx_word' id='word_1_790' title='bbox 1313 2595 1352 2618; x_wconf 79' lang='lat' dir='ltr'>Jo.</span> <span class='ocrx_word' id='word_1_791' title='bbox 1367 2596 1450 2624; x_wconf 49' lang='grc' dir='ltr'>θεον-ς.</span> <span class='ocrx_word' id='word_1_792' title='bbox 1464 2595 1591 2617; x_wconf 75' lang='lat' dir='ltr'>Schellwm</span> <span class='ocrx_word' id='word_1_793' title='bbox 1608 2594 1728 2624; x_wconf 82' lang='lat' dir='ltr'>hujusque</span> <span class='ocrx_word' id='word_1_794' title='bbox 1743 2599 1812 2616; x_wconf 78' lang='lat' dir='ltr'>notas</span> <span class='ocrx_word' id='word_1_795' title='bbox 1828 2594 1981 2627; x_wconf 64' lang='lat' dir='ltr'>(Lindaugix</span> 
     </span>
    </p>
   </div>
   <div class='ocr_carea' id='block_1_14' title="bbox 258 2629 554 2660">
    <p class='ocr_par' dir='ltr' id='par_1_20' title="bbox 258 2629 554 2660">
     <span class='ocr_line' id='line_1_104' title="bbox 258 2629 554 2660; baseline -0.01 -7"><span class='ocrx_word' id='word_1_796' title='bbox 258 2630 337 2660; x_wconf 85' lang='lat'>1761),</span> <span class='ocrx_word' id='word_1_797' title='bbox 351 2638 372 2660; x_wconf 88' lang='lat' dir='ltr'>p.</span> <span class='ocrx_word' id='word_1_798' title='bbox 387 2636 440 2658; x_wconf 79' lang='lat'><strong>227.</strong></span> <span class='ocrx_word' id='word_1_799' title='bbox 453 2636 487 2659; x_wconf 86' lang='lat' dir='ltr'>sq.</span> <span class='ocrx_word' id='word_1_800' title='bbox 513 2629 554 2651; x_wconf 84' lang='lat' dir='ltr'>Cr.</span> 
     </span>
    </p>
   </div>
  </div>
 </body>
</html>
