2201 2990
218 152 290 174 XXX

722 137 1117 172 PROLEGOMENA
1142 137 1434 172 LITERARIA

219 239 405 272 verborum
432 237 568 272 ambitu
594 237 844 281 comprehensa
870 238 914 270 ad
938 238 1132 271 doctrinam
1154 236 1286 271 Pulcri
1308 241 1564 276 convertamus,
1581 236 1843 279 videamusque,
1861 245 1947 279 quo-

220 299 323 331 modo
341 295 489 330 Artium
508 307 648 340 quoque
666 296 851 339 disciplina
869 307 948 328 cum
967 295 1032 328 hac
1050 296 1214 329 universa
1232 296 1367 328 ratione
1385 295 1573 340 conjuncta
1590 295 1657 327 sit:
1683 293 1760 326 haec
1776 301 1945 337 tanquam

220 356 389 399 primaria
406 355 601 388 tradiderat
619 353 782 387 Plotinus
796 366 802 386 :

271 423 295 446 1.
329 411 447 447 Unum
473 423 546 446 esse
574 423 832 454 summumque,
848 411 941 444 unde
968 411 1086 444 omnia
1111 414 1317 449 manat-enm
1346 411 1451 453 quod,
1469 410 1549 442 licet
1575 410 1690 453 ipsum
1712 410 1852 453 proprie
1877 419 1948 442 non

220 475 336 514 posset
362 468 523 504 essentiae
548 467 710 514 ensisque
735 469 946 512 cogitatione
973 468 1183 511 nomineque
1210 468 1295 500 satis
1322 472 1402 510 apte
1428 468 1617 500 declarari:
1647 468 1804 500 omnium
1831 472 1949 501 tamen

221 529 449 562 essentiarum
469 532 574 571 atque
593 527 679 559 adeo
698 526 806 569 ipsius
825 526 930 558 etiam
950 536 1026 558 esse
1043 525 1121 558 fons
1139 529 1229 557 esset
1246 529 1351 568 atque
1371 526 1481 569 origo.

274 597 315 620 11.
343 586 524 630 Quidquid
542 585 589 617 ibi
610 584 729 617 Unum
749 588 849 622 esset,
868 583 955 616 illud
974 584 1010 615 in
1029 588 1145 616 mente
1169 587 1204 615 et
1222 594 1284 626 per
1302 587 1452 615 mentem
1475 583 1549 627 jam
1574 583 1673 615 reddi
1691 580 1834 628 clupleoe.
1886 582 1952 616 Et-

223 646 316 678 enim
347 641 546 677 intellectu-v
576 643 618 675 ad
651 642 737 674 illud
769 652 878 674 unum
906 652 1095 674 conversus
1125 641 1229 684 idque
1261 641 1412 680 intuens,
1440 640 1675 673 differentiam
1701 641 1811 683 ponit,
1836 641 1953 686 gignit

225 704 330 741 ideas,
349 707 383 734 et
401 700 542 733 definite
561 700 738 744 cogitandi
758 699 864 732 habet
882 699 1085 742 primordia.

276 770 334 793 111.
361 759 420 792 Ad
442 759 655 792 intellectum
681 769 786 801 porro
810 768 978 790 conversa
1000 755 1121 790 anima
1145 755 1270 790 mundi
1295 768 1444 800 eumque
1463 757 1614 795 intuens,
1634 767 1763 793 rerum,
1782 760 1955 800 quotquot

224 820 258 851 in
279 818 343 851 hoc
361 817 492 850 mundo
514 816 669 849 sensibili
696 821 790 855 sunt,
809 815 1049 848 diversitatem
1069 816 1402 859 multitudinemque
1420 819 1590 858 procreat.
1634 814 1794 852 Quarum
1813 813 1956 857 quidem

224 876 446 914 universitas,
465 874 581 908 demta
601 879 727 913 mente,
742 885 923 917 nunquam
943 884 1006 916 pro
1024 873 1160 906 unitate
1178 873 1298 906 haberi
1319 874 1440 916 possit,
1455 873 1528 905 sive
1547 878 1716 916 tanquam
1735 883 1844 904 unum
1863 872 1957 917 cogi-

227 935 316 974 tari3
344 945 456 977 neque
482 944 580 966 mens
608 944 717 965 unum
747 932 812 965 sibi
842 931 1032 964 informare
1061 932 1171 975 possit
1197 932 1272 964 sine
1297 931 1378 964 Uno
1404 936 1439 964 et
1467 931 1578 971 Bono,
1602 931 1639 964 id
1665 936 1727 970 est,
1746 931 1820 963 sine
1847 931 1958 974 ipsius

227 993 353 1025 mentis
371 1002 559 1035 rerumque
577 991 733 1023 omnium
753 994 894 1023 auctore
913 990 1071 1034 genitore
1090 990 1244 1033 adeoque
1263 1000 1396 1022 summo
1414 988 1509 1022 Deo.

277 1050 408 1094 Atque,
426 1050 517 1082 sicut
534 1060 576 1081 ex
595 1048 702 1091 hujus
729 1047 902 1080 sensibilis
930 1047 1052 1080 mundi
1072 1044 1323 1092 pulcritudine
1346 1048 1542 1092 colligimus
1567 1047 1838 1091 pulcritudinem
1858 1047 1960 1079 intel-

229 1110 361 1141 lectus:
401 1108 452 1140 ita
485 1118 546 1150 per
577 1107 793 1139 intellectum
829 1105 1048 1138 ascendimus
1083 1105 1127 1137 ad
1159 1104 1299 1138 Bonum
1335 1105 1581 1148 pulcritudinis
1615 1105 1791 1138 universae
1826 1103 1958 1137 fontem

229 1171 276 1210 (p.
296 1168 378 1198 352.
398 1164 439 1197 F.
456 1164 514 1208 G.)
568 1164 738 1207 Itemque,
757 1168 797 1196 ut
821 1163 940 1196 anima
965 1173 1039 1196 suae
1063 1162 1210 1206 originis
1235 1162 1345 1195 oblita
1368 1174 1407 1195 ac
1428 1167 1626 1206 torpescens
1647 1163 1738 1196 circa
1762 1163 1960 1195 multitudi-

231 1235 311 1257 nem
335 1223 489 1267 trepidat
513 1223 672 1266 circaque
699 1233 749 1261 ea,
768 1233 848 1265 quae
876 1221 912 1254 in
939 1219 1142 1263 corporibus
1169 1221 1326 1263 placent:
1354 1221 1403 1253 ita
1430 1221 1548 1253 anima
1571 1220 1638 1253 Dei
1663 1221 1765 1264 plena
1784 1231 1903 1252 veram
1926 1224 1961 1253 et

228 1292 416 1325 perennem
437 1281 708 1324 pulcritudinem
728 1283 897 1322 procreat.
952 1278 1046 1311 Hinc
1064 1278 1193 1322 duplex
1213 1277 1346 1317 Venus,
1365 1278 1495 1322 duplex
1512 1277 1635 1311 Amor.
1688 1278 1873 1311 Coelestem
1891 1276 1925 1310 V
1927 1288 1962 1310 e-

230 1350 348 1372 nerem
375 1343 540 1379 sectatur‚
565 1338 695 1371 coelesti
725 1348 843 1370 amore
870 1337 1023 1382 flagrans
1051 1337 1170 1369 anima
1196 1336 1386 1369 secundum
1415 1342 1577 1369 naturam
1605 1341 1722 1376 amat3
1750 1347 1859 1380 eaque
1885 1340 1962 1368 tan-

231 1408 336 1441 quam
356 1397 458 1441 virgo
475 1397 635 1440 pulcrum
655 1396 820 1428 affectans
839 1406 918 1428 cum
937 1394 1013 1428 Deo
1031 1406 1066 1427 se
1084 1394 1249 1439 conjungi
1269 1394 1443 1427 desiderat
1464 1395 1512 1438 (p.
1528 1393 1609 1430 768.
1628 1393 1776 1437 A—D.)
1818 1391 1900 1437 Cr.]

282 1455 346 1488 VI.
375 1453 511 1498 ¹Opera
531 1454 662 1487 Plotini
687 1458 816 1497 praeter
834 1450 1082 1498 Porphyrium
1101 1464 1143 1486 ex
1164 1453 1264 1497 cujus
1291 1453 1533 1485 emendatione
1554 1457 1588 1486 et
1607 1453 1805 1485 recensione
1831 1452 1891 1485 illa
1917 1452 1962 1485 ad

276 1545 284 1566 ¹
303 1547 396 1574 Lucas
413 1546 580 1573 Holstenius
596 1545 630 1572 ad
648 1545 818 1572 Peireseium
835 1545 863 1571 in
881 1545 912 1571 11.
931 1544 1074 1571 Holstenii

236 1587 372 1624 Epistolis
394 1587 428 1614 ad
449 1587 582 1613 Diverso>-
605 1596 631 1622 p.
653 1595 771 1621 124.sq.
789 1585 833 1612 ed.
851 1585 1075 1612 Boissonad.:-

237 1633 254 1642 ‘¹
269 1628 341 1655 Mihi
357 1627 443 1658 enim,
459 1627 597 1663 perillust.
613 1627 744 1657 Domine,
757 1628 816 1663 jam
834 1626 900 1653 iude
916 1626 951 1653 ab
967 1625 1075 1662 aliquot

237 1669 327 1699 annis,
345 1668 393 1695 ubi
415 1668 537 1704 primum
562 1667 750 1693 cl.Ileinsi1m1
775 1666 938 1702 [Danielem
960 1676 1074 1702 nempe,

238 1718 323 1746 quem
336 1708 472 1745 Lugduni
487 1708 662 1735 Batavorum
678 1713 808 1734 noverat.
845 1707 893 1733 Bis
909 1707 985 1733 enim
1001 1707 1076 1733 hanc

237 1750 337 1777 urbem
354 1749 498 1776 inviserat.
522 1748 556 1775 cs.
571 1748 679 1775 Kollar.
694 1747 795 1775 Annal.
806 1747 931 1774 Vindob.
948 1757 973 1783 p.
991 1756 998 1773 1
1012 1747 1074 1783 187.

239 1797 266 1817 et
290 1790 406 1817 Moller.
430 1789 538 1816 Cimbr.
559 1789 592 1815 T.
610 1789 662 1815 111.
685 1798 710 1824 p.
729 1797 795 1824 3²¹·
812 1798 853 1824 sq.
873 1788 972 1823 Roiss]
999 1788 1076 1824 Lng-

239 1831 307 1858 duni
323 1831 498 1857 Batavorum
515 1838 688 1865 cognoscere
704 1829 786 1865 ctepi.
805 1829 954 1855 mirificum
970 1829 998 1855 in
1016 1824 1076 1855 ani-

240 1881 318 1898 mum
341 1870 458 1898 incessit
478 1869 650 1897 desiderium
677 1870 829 1896 l'latonicae
855 1869 929 1895 illius
954 1869 1077 1905 philoso-

242 1912 324 1948 phiae,
336 1920 421 1947 quam
434 1910 552 1947 insignis
567 1910 619 1937 iste
631 1911 681 1938 vir.
695 1910 856 1944 neglectam
869 1910 903 1936 ab
916 1909 988 1940 aliis.
1001 1909 1078 1936 solus

240 1952 330 1979 ferme
345 1952 399 1979 hoc
414 1951 518 1978 saeculo
538 1951 616 1981 colit,
634 1960 686 1977 nee
702 1951 796 1977 destiti
819 1956 989 1987 argumenta
1008 1959 1075 1977 con-

243 1993 366 2028 quirere,
389 2001 568 2028 quaecunque
593 1991 669 2018 edita
694 1997 780 2027 atque
803 1991 911 2017 inedita
933 1991 1079 2027 requirere

242 2033 332 2063 licuit,
348 2039 379 2059 ut
394 2032 428 2059 ad
444 2032 607 2059 interiorem
628 2032 753 2067 aliquam
775 2031 971 2068 cognitionem
991 2040 1078 2067 pene-

243 2080 357 2100 trarem.
401 2073 464 2099 Hoc
486 2073 542 2099 fine
557 2072 660 2099 Oxonii
683 2073 711 2098 in
732 2072 887 2099 Bodleiana
907 2072 1081 2099 bibliotheca

245 2114 343 2141 sedulo
364 2113 421 2150 legi
439 2113 569 2140 Proelum
591 2113 618 2139 in
636 2113 657 2139 I.
675 2112 860 2141 Alcibiadem.
879 2112 1029 2139 Hermi-am
1052 2112 1080 2138 in

245 2154 405 2183 Phaedrum.
418 2160 446 2181 et
461 2153 698 2189 Olympiodorum
715 2153 743 2179 in
762 2153 933 2179 Phaedonem
950 2159 977 2179 et
994 2153 1014 2179 I.
1032 2153 1080 2179 Al-

246 2194 402 2225 cibiadem;
427 2200 455 2221 et
478 2204 534 2221 non
558 2204 649 2229 pauca
671 2194 745 2220 inter
766 2193 918 2231 legendum
943 2199 1011 2220 tunc
1034 2203 1080 2220 ex-

247 2235 346 2270 cerpsi,
363 2244 425 2270 quae
441 2234 622 2270 postmodnm
640 2234 707 2260 mihi
725 2234 786 2260 osni
806 2234 901 2260 futura
921 2233 1038 2266 credidi,
1055 2240 1082 2260 et

247 2274 340 2302 adhuc
357 2284 445 2311 penes
463 2284 509 2301 me
531 2274 640 2305 habeo3
663 2281 749 2310 atque
772 2274 928 2301 eorundem
951 2274 1080 2310 relegen-

247 2315 348 2342 dorum
364 2316 476 2351 copiam
492 2315 605 2341 Parisiis
627 2315 695 2341 mihi
715 2314 782 2341 fecit
797 2315 831 2341 el.
850 2314 998 2351 RigaltiuS,
1015 2315 1081 2341 dum

248 2355 324 2392 apud
344 2354 565 2382 illustrissimum
581 2355 728 2391 praesidem
745 2355 917 2381 Memmium
934 2355 1032 2390 [vulgo
1053 2355 1084 2381 de

248 2396 366 2423 Mesmes
380 2405 438 2422 non
454 2396 499 2421 des
510 2395 635 2425 Mes-mes,
649 2401 680 2421 ut
692 2395 803 2431 scripsit
816 2395 981 2421 Bredowius
993 2395 1083 2430 Epist.

249 2436 335 2464 Paris.
351 2445 379 2472 p.
396 2435 422 2462 6.
438 2436 499 2462 viro
514 2435 580 2462 huic
596 2435 750 2461 clarissimo
772 2441 799 2461 et
817 2435 983 2462 doctissimo
1006 2445 1022 2461 a
1036 2435 1083 2461 Bi-

250 2477 395 2504 bliotheca
418 2485 470 2512 per
492 2475 606 2511 aliquod
634 2481 746 2511 tempus
769 2475 935 2501 Holstenius
957 2474 1019 2501 fuit.
1049 2474 1084 2502 cf.

251 2517 334 2545 Moll.
350 2516 457 2543 Cimbr.
474 2516 505 2542 T.
522 2515 573 2542 ΙΙΙ.
589 2525 616 2551 p.
630 2524 696 2549 322.
712 2515 813 2550 Boiss]
830 2515 974 2541 viverem:
999 2521 1085 2550 atque

250 2558 292 2585 ita
308 2557 419 2594 privato
441 2555 535 2583 studio
556 2562 668 2582 tantum
689 2555 805 2591 profeci.
820 2561 852 2582 ut
867 2565 946 2591 spem
962 2555 1085 2591 aliquam

252 2598 287 2626 de
298 2597 426 2635 jucunda
438 2606 471 2623 ea
485 2596 665 2632 philosophia
678 2596 774 2622 animo
791 2595 980 2631 conceperim.
1010 2595 1086 2622 Nam

253 2648 319 2666 cum
334 2637 461 2665 viderem
482 2636 551 2663 illud
574 2636 793 2672 philosophandi
813 2645 904 2673 genus
923 2642 1036 2662 vastum
1059 2641 1087 2662 et

253 2680 426 2706 immensum
449 2686 520 2710 esse,
535 2684 564 2705 et
578 2676 661 2704 facile
683 2677 804 2704 obruere
825 2682 912 2712 atque
934 2676 1086 2704 absorbere

1126 1544 1283 1580 ingenium.
1300 1544 1375 1580 quod
1392 1550 1500 1571 temere
1516 1544 1576 1571 sine
1591 1545 1752 1571 necessaria
1766 1547 1963 1580 προπαρασκευῇ

1126 1585 1165 1612 illi
1186 1594 1215 1611 se
1238 1585 1391 1621 innnergit,
1408 1592 1468 1611 tum
1491 1585 1577 1612 etiam
1599 1585 1754 1621 labyrinthi
1776 1585 1865 1612 instar
1879 1585 1964 1612 variis

1127 1625 1294 1661 ambagibus
1309 1625 1476 1661 perplexum
1492 1635 1562 1656 esse,
1580 1631 1666 1662 atque
1682 1625 1721 1652 ita
1740 1626 1915 1658 intricatum,
1931 1631 1963 1652 ut

1126 1676 1184 1693 non
1200 1666 1261 1692 sine
1277 1666 1406 1701 εἰσαγωγῇ
1422 1666 1491 1693 adiri
1507 1666 1668 1702 posse1,‚vix
1680 1672 1775 1693 tamen
1789 1676 1963 1702 quemquam

1127 1706 1252 1734 debitam
1276 1716 1401 1743 operam,
1417 1707 1456 1733 ita
1478 1713 1508 1733 ut
1530 1716 1581 1743 par
1603 1713 1671 1739 crat,
1692 1707 1876 1743 impendisse,
1892 1706 1964 1743 coepi

1127 1757 1191 1775 cum
1212 1747 1308 1773 animo
1330 1747 1456 1784 cogitare
1472 1746 1506 1774 ‹lc
1527 1753 1587 1774 tota
1608 1747 1658 1773 illa
1672 1747 1820 1774 Platonica
1835 1747 1966 1774 doctrina

1127 1788 1161 1815 ad
1175 1788 1323 1814 clariorem
1339 1793 1366 1814 et
1384 1787 1539 1814 faciliorem
1555 1788 1672 1815 modum
1685 1788 1872 1824 ordinemque
1884 1797 1965 1815 revo-

1128 1828 1235 1859 can‹la;
1259 1828 1334 1864 qnod
1352 1828 1451 1855 Fastus
1470 1828 1582 1864 Lipsius
1604 1829 1632 1855 in
1655 1828 1819 1855 Stoicorum
1840 1828 1964 1865 philoso-

1128 1869 1195 1906 phia
1210 1875 1343 1905 praestare
1364 1875 1484 1895 conatus
1505 1875 1546 1896 cst
1562 1878 1619 1895 non
1636 1869 1696 1895 sine
1714 1869 1797 1896 laude
1817 1875 1846 1896 et
1861 1868 1964 1895 fructu.

1129 1910 1205 1936 Nam
1226 1919 1258 1936 ex
1274 1909 1409 1944 antiquis,
1426 1915 1529 1946 praeter
1542 1909 1716 1936 levissimam
1731 1909 1845 1936 Alcinoi
1866 1909 1965 1936 adum-

1130 1950 1300 1978 brationem.
1317 1950 1387 1977 nihil
1403 1949 1492 1977 ferme
1512 1950 1594 1977 nobis
1616 1956 1755 1985 superest,
1771 1949 1966 1977 recentiorum

1129 2000 1198 2018 vero
1214 1990 1341 2026 plerique
1364 1990 1423 2017 sive
1439 1996 1470 2017 nt
1487 1990 1612 2017 Platonis
1631 1990 1798 2027 dignitatem
1815 1999 1848 2017 ac
1863 1992 1966 2027 majes-

1131 2038 1219 2058 tatem
1242 2036 1400 2062 tuerentur,
1417 2031 1476 2058 sive
1497 2031 1571 2067 quod
1594 2032 1720 2066 εὐμεθόδῳ
1739 2031 1865 2065 σαφηνείᾳ
1881 2030 1966 2058 desti-

1131 2077 1289 2101 tuerentur.
1306 2071 1373 2107 ipsis
1395 2071 1519 2107 antiquis
1538 2070 1627 2098 ferme
1647 2071 1825 2098 obscuriores
1846 2080 1879 2097 ac
1895 2071 1967 2098 diffi-

1131 2112 1244 2139 ciliores
1259 2118 1334 2138 sunt.
1377 2111 1477 2147 Itaque
1493 2120 1555 2138 eam
1570 2111 1639 2138 mihi
1654 2112 1795 2138 rationem
1811 2121 1967 2148 proposue-

1132 2162 1202 2183 ram,
1220 2162 1304 2188 quam
1326 2152 1407 2179 Picus
1429 2152 1648 2178 Mirandulanus
1670 2152 1698 2178 in
1721 2151 1821 2179 Italico
1843 2152 1968 2188 quodam

1133 2192 1348 2222 commentario.
1375 2198 1403 2219 et
1428 2192 1590 2228 Stephanus
1615 2192 1778 2228 Tbeupolus
1809 2192 1859 2227 [cf.
1884 2192 1967 2220 Fabr.

1134 2233 1207 2260 Bibl.
1223 2233 1273 2260 Gr.
1292 2233 1323 2259 T.
1340 2232 1393 2260 Ill.
1417 2242 1444 2268 p.
1466 2241 1529 2267 ¹52-
1546 2232 1593 2267 B.]
1619 2233 1648 2259 iu
1669 2232 1968 2268 Contemplationibus

1132 2273 1312 2300 Academicis
1335 2278 1468 2303 tenucrc;
1495 2273 1535 2299 ita
1558 2278 1665 2303 tamen,
1685 2279 1717 2299 ut
1739 2273 1857 2309 prolatis
1880 2273 1968 2310 ipsius

1134 2314 1268 2345 Platonis,
1291 2313 1402 2342 Plotini.
1423 2313 1523 2344 Procli,
1545 2313 1722 2349 aliorumque
1746 2320 1875 2341 veterum
1899 2313 1968 2341 locis

1134 2354 1259 2386 singulas
1284 2354 1371 2380 θέο-αις
1394 2353 1545 2389 probarem
1574 2359 1659 2389 atque
1688 2354 1868 2381 illustrarem.
1911 2353 1969 2380 Sed

1134 2390 1263 2421 destituit
1284 2394 1371 2420 animi
1393 2394 1582 2430 prepositum,
1599 2394 1683 2420 nimis
1701 2394 1828 2421 fortassis
1849 2394 1968 2422 arduum

1134 2441 1264 2461 veterum
1279 2434 1415 2461 librorum
1431 2434 1537 2470 inopia,
1554 2444 1674 2469 quorum
1694 2435 1820 2462 lectione
1841 2435 1968 2462 animum

1136 2475 1214 2511 prius
1229 2474 1378 2500 subactum
1394 2474 1482 2510 probe
1497 2474 1654 2511 tritumque
1669 2485 1730 2502 esse
1745 2481 1866 2511 oportet.
1884 2484 1969 2511 quam

1137 2521 1218 2542 tanto
1233 2515 1312 2550 operi
1327 2524 1387 2541 sese
1402 2515 1541 2546 accingat,
1557 2516 1659 2550 quibus
1676 2516 1853 2543 Plethonem.
1871 2515 1969 2542 Bessa—

1137 2555 1258 2585 rionem‚
1272 2555 1410 2585 Ficinum,
1425 2555 1531 2585 Picum,
1545 2556 1704 2582 Diaeetium
1723 2555 1771 2591 [cf.
1784 2555 1875 2592 Baylii
1886 2555 1970 2582 Lexi-

1138 2605 1192 2623 con
1209 2595 1243 2621 V.
1258 2595 1398 2622 Fan-elius
1412 2595 1476 2631 list,
1492 2595 1619 2632 aliosque
1635 2596 1788 2632 superioris
1802 2596 1898 2623 saeculi
1913 2595 1969 2623 cla-

1137 2636 1262 2663 rissimos
1278 2635 1449 2665 Platonicos,
1466 2636 1625 2663 abundasse
1640 2642 1769 2666 constat;
1793 2645 1858 2662 cum
1873 2642 1970 2663 tamen

1138 2683 1240 2713 praeter
1252 2676 1344 2703 Procli
1355 2676 1539 2714 Theologiam
1553 2677 1712 2714 Hamburgi
1726 2677 1831 2704 editam
1844 2682 1872 2704 et
1884 2676 1970 2704 Com-
