2201 2990
707 370 1235 428 MARSILII
1326 370 1682 428 FICINI

1175 492 1213 516 IN

1026 580 1256 619 LIBRUM
1289 580 1360 619 IX.

591 692 674 732 DE
714 693 1097 733 EDUCTIONE
1137 692 1369 732 ANIMAE
1410 694 1446 732 A
1486 693 1794 741 CORPORE,

917 815 1383 866 ARGUMENTU
1391 816 1464 865 M.

333 1045 523 1097 UTRUM
544 1066 730 1108 quandoque
754 1066 841 1098 liceat
864 1068 995 1098 animam
1016 1068 1044 1098 vi
1068 1080 1085 1099 a
1105 1081 1170 1099 cor-

331 1121 405 1152 pore
421 1109 535 1139 solvere
551 1121 655 1147 necue,
668 1110 793 1151 quidam
811 1111 888 1141 inter
902 1123 932 1141 sc
948 1111 1095 1142 Platonici
1112 1112 1170 1143 liti-

331 1160 404 1193 gant
418 1165 424 1182 :
449 1160 478 1182 et
495 1152 650 1194 utrimque
666 1165 722 1195 pro
736 1165 827 1184 causa
843 1166 897 1184 sua
912 1162 1056 1196 patronos
1071 1155 1170 1186 addu-

331 1203 405 1226 cunt
426 1194 584 1225 Platonem
609 1203 702 1237 atque
725 1196 900 1231 Plotinum;
926 1197 1081 1239 praecipue
1097 1210 1169 1228 vero

331 1239 404 1274 duo,
431 1238 673 1280 Olympiodorus
698 1248 791 1281 atque
819 1240 998 1271 Macrobius
1024 1241 1169 1272 dissidere

332 1281 485 1312 videntur.
532 1282 681 1312 Macrobii
701 1282 826 1324 quidem
852 1283 928 1325 parti
952 1284 1055 1314 fax-cm
1077 1296 1168 1325 argu-

332 1324 532 1355 mentationes
553 1326 694 1366 quaedam
714 1327 845 1357 Socratis
867 1327 896 1357 iu
916 1326 1079 1364 Pha—done,
1097 1326 1166 1369 plu—

332 1379 440 1410 resque
458 1367 582 1398 Plotini.
626 1369 867 1410 Argumentatio
884 1370 1015 1400 Socratis
1033 1371 1165 1401 auctori-

331 1417 392 1441 tate
416 1410 605 1453 potissimum
624 1412 758 1453 Orphica
780 1412 896 1443 nititur.
941 1413 1086 1460 Orpheus
1109 1414 1166 1444 sub

331 1454 492 1484 universali
509 1454 700 1496 providentia
715 1456 814 1492 .J‹›vis‚
832 1456 861 1485 id
878 1464 932 1492 est,
949 1467 1058 1487 ammae
1077 1469 1165 1487 mun-

331 1497 419 1527 dana¹
444 1497 572 1538 Dionysi
595 1497 719 1528 collocat
745 1499 978 1540 providentiam,
996 1499 1025 1529 id
1042 1508 1097 1536 est,
1114 1512 1166 1530 na-

332 1547 454 1570 turam:
485 1540 532 1570 cui
554 1541 692 1579 Titanes,
716 1541 745 1571 id
768 1550 822 1578 est,
845 1543 1008 1572 Dzemones
1031 1543 1164 1573 submin-

333 1583 452 1613 istrent:
478 1583 530 1624 qui
549 1584 682 1625 persuasi
698 1596 715 1614 a
731 1585 866 1622 Junone,
885 1585 912 1615 id
931 1594 985 1622 est,
1004 1586 1166 1627 processio-

332 1626 377 1656 nis
399 1626 665 1668 generationisque
687 1639 770 1664 cura,
789 1628 900 1658 laniare
918 1628 1089 1671 Dionysum
1106 1630 1163 1659 fiu-

331 1677 468 1709 guntur:
494 1669 566 1710 quia
590 1681 751 1701 commune
777 1670 857 1701 illius
884 1671 912 1701 in
936 1672 1052 1702 cunctis
1077 1684 1165 1714 :eque

330 1712 493 1754 gignendis
515 1720 543 1742 et
568 1713 725 1744 movendis
740 1714 871 1744 officium
888 1714 1071 1751 differentes,
1088 1716 1166 1746 inter

332 1768 362 1785 se
379 1755 554 1797 partiuntur
571 1756 600 1786 iu
617 1764 722 1793 sortes,
739 1768 903 1798 rerumque
919 1758 1033 1799 specics
1048 1758 1085 1788 ad
1103 1759 1164 1789 sin-

331 1797 405 1839 gula
419 1799 593 1839 generando
609 1799 778 1830 deducunt.
824 1800 928 1840 Fingit
946 1809 1091 1842 praeterea
1107 1803 1165 1832 Or-

333 1841 430 1882 pheus
447 1841 586 1879 'l*itana;<‚
610 1843 683 1883 quia
707 1842 850 1873 laniatum
876 1843 1048 1886 Dionysum
1072 1844 1165 1875 ‹levo-

332 1884 474 1921 raveriut,
492 1884 686 1916 fulminatos:
712 1886 742 1916 id
759 1894 813 1922 est,
829 1898 846 1916 a
862 1887 944 1917 Jove
962 1887 999 1917 ad
1021 1887 1082 1918 alta
1097 1900 1166 1918 con-

333 1939 443 1963 versos,
459 1936 552 1969 atque
574 1928 712 1959 homiues
734 1941 770 1959 ex
793 1929 912 1959 illorum
930 1930 1069 1960 incendio
1084 1931 1167 1971 geni—

333 1978 388 2006 tos,
414 1970 442 2000 id
467 1978 522 2007 est,
544 1983 649 2002 eorum
673 1972 777 2002 divino
798 1972 963 2003 ministerio
984 1981 1164 2015 procreatos.

334 2013 375 2043 Et
397 2014 469 2054 quia
492 2014 629 2045 homiues
650 2015 744 2056 geniti
770 2015 828 2045 sint
851 2028 888 2046 cx
913 2016 1088 2053 Titanibus,
1113 2017 1165 2059 qui

333 2055 462 2097 Dionysi
484 2068 609 2098 corpore
630 2056 737 2088 nutriti
758 2059 897 2089 fuerant:
923 2059 991 2090 ideo
1006 2072 1056 2090 cos
1071 2060 1166 2090 nomi-

333 2106 385 2129 nat
402 2099 610 2141 Dionysiacos,
623 2101 709 2142 quasi
725 2102 867 2142 quaedam
885 2102 1013 2144 Dionysi
1030 2103 1166 2133 membra

333 2141 391 2171 sint
418 2153 454 2171 cx
479 2143 645 2174 Titanibus
668 2144 910 2185 germinantibus
936 2145 1006 2176 inde
1032 2146 1167 2188 repullu-

334 2183 447 2214 lantia:
483 2185 559 2216 adeo
585 2195 620 2217 ut
645 2194 675 2217 et
701 2199 812 2229 corpus
838 2188 1006 2219 humanum
1034 2190 1068 2219 sit
1096 2201 1166 2231 pars

333 2226 519 2269 Dionysiaci‚
537 2229 567 2259 id
583 2237 638 2265 est,
654 2230 802 2261 mundani
818 2231 963 2272 corporis:
987 2240 1015 2262 et
1033 2232 1165 2263 humana

333 2277 443 2300 natura
458 2270 581 2312 vitaque
605 2272 642 2303 sit
666 2273 766 2314 portio
785 2274 927 2315 qtuedam
949 2283 1067 2305 naturae
1082 2275 1166 2306 vita*-

334 2324 395 2353 que
410 2312 500 2343 illius.
546 2315 589 2345 Et
610 2315 633 2345 si
654 2316 728 2357 quid
752 2316 782 2346 in
805 2317 892 2347 nobis
912 2319 1044 2359 propriae
1060 2318 1166 2349 formae

334 2355 422 2394 inest,
442 2357 635 2399 munerisque
657 2359 783 2401 proprii,
800 2360 883 2401 quod
904 2368 933 2391 et
957 2372 1081 2402 prorsus
1103 2361 1166 2392 exi-

334 2398 396 2435 stit,
421 2397 532 2429 debeat
556 2400 766 2442 obtemperare
792 2403 955 2433 communi.
1002 2406 1101 2441 Quam
1126 2405 1166 2435 ob

333 2452 398 2471 rem
422 2441 564 2484 Dionysi,
590 2443 620 2472 id
644 2452 687 2473 est
713 2445 888 2475 universalis
915 2455 1044 2483 naturae,
1066 2448 1167 2489 provi-

334 2484 437 2514 dentia
457 2484 611 2521 custoditi,
633 2485 779 2517 debemus
798 2488 827 2517 in
854 2488 909 2519 hac
933 2490 1072 2520 custodia
1095 2502 1164 2532 per-

334 2538 475 2557 manere:
512 2539 621 2569 neque,
648 2537 810 2570 antequam
839 2531 925 2562 Deus
949 2533 1069 2573 jubeat,
1096 2533 1166 2563 hinc

333 2570 434 2600 abire:
460 2570 531 2600 item
556 2582 685 2608 servare,
702 2572 786 2612 quod
809 2574 979 2615 accepimus
994 2575 1075 2614 iude,
1091 2588 1165 2618 qua-

333 2620 422 2643 tenus
445 2613 618 2655 accepimus
643 2614 903 2646 conservandum:
938 2628 1036 2659 neque
1060 2619 1165 2649 dissol-

334 2667 414 2693 vere,
439 2656 523 2698 quod
546 2657 633 2686 Deus
656 2656 720 2698 ipse
746 2657 868 2698 ligavit:
902 2670 1000 2700 neque
1024 2661 1084 2691 vim
1109 2662 1165 2704 ipsi

334 2699 393 2729 Dei
418 2698 561 2729 membris
585 2699 705 2730 inferre.
751 2701 842 2731 Hauc
859 2701 1025 2743 Orphieam
1048 2712 1166 2735 senten-

335 2741 406 2772 tiam
425 2743 562 2773 Socrates
576 2742 607 2773 in
625 2742 778 2774 Phaedone
801 2743 900 2785 primo
921 2744 1046 2786 quidem
1069 2747 1165 2777 addu-

1213 1069 1266 1106 cit,
1282 1068 1392 1100 deinde
1410 1068 1537 1100 Philolai
1555 1069 1753 1111 Pythagorici
1774 1070 1955 1102 auctoritate
1975 1083 2048 1103 con-

1213 1112 1324 1143 firmat.
1370 1112 1426 1143 Ait
1447 1112 1526 1142 enim
1544 1112 1712 1151 Philolaus,
1735 1114 1783 1143 Ne
1807 1113 1926 1144 dividas
1947 1114 1977 1145 in
2000 1115 2049 1146 via

1213 1155 1341 1197 lignum,
1363 1156 1393 1186 id
1417 1163 1472 1191 est,
1493 1167 1530 1185 ne
1554 1155 1673 1185 dividas
1695 1168 1807 1198 corpus
1830 1156 1869 1187 ab
1891 1157 1991 1188 anima
2017 1158 2048 1188 in

1212 1198 1278 1240 ipso
1296 1199 1365 1229 vitze
1386 1199 1483 1240 spatio
1500 1198 1577 1228 viam
1602 1198 1702 1229 adhuc
1727 1199 1766 1229 ad
1790 1200 1879 1230 finem
1905 1200 2047 1232 habente.

1212 1242 1350 1272 Rursum
1367 1253 1436 1272 cum
1454 1241 1483 1271 in
1501 1253 1618 1272 sacrum
1634 1242 1817 1283 perveneris,
1834 1254 1872 1273 ne
1892 1250 2009 1285 spectes
2030 1256 2049 1275 a

1212 1292 1314 1326 tergo:
1350 1285 1379 1315 id
1407 1293 1462 1322 est,
1489 1284 1580 1315 vitam
1605 1296 1758 1315 summum
1785 1285 2049 1327 contemplationis

1206 1327 1270 1369 jam
1297 1328 1438 1370 adeptam
1464 1339 1501 1357 ne
1527 1328 1638 1358 iterum
1665 1327 1704 1358 ad
1729 1328 1871 1359 inferiora
1895 1329 2048 1361 deflectas.

1213 1371 1250 1400 In
1275 1371 1373 1412 primo
1397 1370 1521 1412 quidem
1547 1379 1700 1412 praecepto
1718 1371 1820 1412 jubet,
1837 1379 1882 1409 ut,
1901 1372 2049 1413 quemad—

1211 1415 1338 1444 modum
1360 1422 1469 1445 natura
1489 1425 1600 1455 corpus
1623 1413 1731 1444 anima¹
1753 1414 1899 1456 alligavit,
1915 1415 1957 1446 ita
1980 1427 2048 1458 per-

1211 1457 1314 1487 mittas
1335 1465 1452 1488 naturae
1476 1457 1654 1487 solvendum
1671 1469 1783 1499 corpus
1797 1458 1836 1488 ab
1852 1458 1960 1489 anima.
2008 1459 2046 1489 In

1211 1500 1345 1530 secundo
1366 1512 1438 1530 vcro
1461 1500 1609 1542 praecipit,
1626 1508 1671 1537 ut,
1688 1500 1763 1531 sicut
1782 1500 1922 1531 voluntas
1944 1509 2047 1533 nostra

1211 1542 1317 1583 ligavit
1340 1543 1536 1574 intentionem
1561 1543 1670 1573 anima¹
1693 1543 1824 1585 corpori,
1842 1544 1883 1574 ita
1906 1544 2047 1575 intentio-

1209 1597 1277 1616 nem
1302 1587 1379 1617 hanc
1396 1586 1536 1617 voluntas
1558 1586 1654 1616 solvat
1677 1598 1695 1616 a
1709 1598 1846 1628 corpore,
1863 1595 1892 1617 et
1915 1587 2046 1619 solutam

1210 1629 1300 1660 semel
1318 1641 1377 1659 nou
1395 1630 1547 1671 permittat
1567 1629 1693 1659 ulterius
1715 1629 1842 1671 alligari.
1889 1631 1967 1661 Haec
1989 1641 2046 1661 au-

1209 1680 1270 1702 tem
1296 1673 1513 1715 Pythagorica,
1543 1671 1760 1714 l‘latonieaque
1785 1673 1929 1715 mysteria
1952 1673 2047 1704 Ploti-

1209 1727 1268 1745 nus
1290 1716 1438 1757 sequitur,
1455 1716 1582 1757 primam
1599 1715 1765 1745 clausulam
1786 1723 1890 1746 texens
1913 1717 2046 1747 carmine

1210 1759 1392 1795 zoroastris,
1408 1767 1501 1800 atque
1517 1759 1558 1788 ita
1573 1759 1747 1788 confirmat:
1774 1758 1884 1789 Anima
1900 1766 2045 1801 tanquam

1210 1801 1312 1832 divina
1328 1802 1419 1832 debet
1435 1802 1608 1831 divinorum
1625 1812 1708 1831 more
1723 1801 1903 1843 dignitatem
1919 1802 2044 1844 quidem

1211 1845 1362 1886 propriam
1388 1845 1531 1875 retinere:
1563 1852 1656 1886 atque
1678 1844 1792 1874 interea
1815 1844 1898 1875 nulla
1920 1845 2044 1883 invidia,

1211 1887 1256 1917 vel
1289 1888 1517 1929 perturbatione
1549 1887 1607 1917 alia
1641 1887 1812 1929 prohibere,
1841 1899 1904 1928 quo
1933 1888 2044 1926 minus,

1210 1931 1292 1972 quod
1317 1931 1342 1961 ei
1365 1931 1478 1965 subest,
1501 1930 1530 1960 id
1554 1938 1609 1966 est,
1625 1942 1736 1972 corpus
1759 1930 1895 1960 nonnihil
1918 1931 1957 1961 ab
1980 1931 2046 1973 ipsa

1210 1974 1354 2011 muneris,
1378 1974 1408 2004 id
1432 1982 1486 2010 est,
1511 1973 1581 2004 vita»
1604 1973 1730 2014 aliquid,
1755 1982 1912 2015 utcunque
1935 1982 2045 2016 potest,

1209 2017 1347 2059 accipiat.
1375 2017 1490 2047 Anima
1505 2016 1599 2057 igitur
1614 2016 1644 2046 in
1661 2028 1691 2047 se
1707 2016 1771 2058 ipsa
1786 2025 1974 2058 permaneat,
1990 2029 2044 2048 nec

1210 2060 1272 2090 ulla
1288 2072 1423 2101 unquam
1440 2059 1669 2102 perturbatione
1691 2059 1805 2090 socium
1827 2071 1916 2090 suum
1932 2072 2044 2103 corpus

1208 2114 1225 2133 a
1249 2116 1279 2133 se
1302 2103 1476 2145 disjungat:
1502 2114 1570 2133 nam
1592 2102 1696 2133 eadem
1720 2103 1948 2144 perturbatione
1970 2114 2042 2134 mox

1210 2146 1255 2176 vel
1272 2146 1349 2176 eirca
1368 2158 1478 2188 corpus
1501 2146 1592 2183 idern,
1611 2145 1655 2175 vel
1678 2146 1755 2176 circa
1778 2146 1873 2176 simile
1895 2146 2042 2188 quiddam

1209 2189 1435 2219 revolveretur:
1460 2189 1603 2230 quoniam
1627 2196 1656 2219 et
1680 2197 1781 2219 motus
1803 2188 1866 2230 ipse
1890 2189 1982 2220 trahit
2003 2189 2041 2219 ad

1209 2243 1346 2274 corpora,
1362 2240 1391 2262 et
1415 2232 1612 2274 perturbatus
1628 2240 1728 2262 motus
1743 2231 1782 2262 ad
1798 2243 1925 2274 corpora
1939 2232 2041 2262 inferi-

1209 2287 1261 2305 ora
1276 2275 1457 2317 praecipitat.
1504 2277 1549 2306 At
1573 2275 1595 2305 si
1619 2275 1719 2305 anima
1740 2286 1840 2305 secum
1857 2287 1913 2317 pro
1929 2274 2043 2305 viribus

1209 2318 1334 2354 habitet,
1352 2330 1406 2348 nec
1428 2319 1543 2349 interea
1562 2317 1695 2348 invideat
1715 2317 1960 2359 qualemcunque
1974 2329 2041 2348 cor-

1209 2361 1275 2403 pori
1292 2361 1395 2398 vitam,
1411 2369 1622 2403 expectetque,
1638 2361 1733 2391 donec
1748 2361 1849 2402 ipsum
1865 2371 1973 2402 corpus
1988 2360 2039 2391 de-

1209 2405 1291 2435 fectu
1308 2404 1458 2435 duntaxat
1481 2404 1604 2446 proprio
1620 2403 1712 2434 vitam
1736 2403 1866 2445 amplius
1887 2410 2040 2444 acceptam

1210 2459 1387 2478 conservare
1410 2458 1468 2477 non
1494 2447 1598 2489 possit,
1614 2447 1679 2489 ipsa
1701 2446 1837 2489 profecto
1852 2445 1935 2476 nullo
1957 2446 1987 2476 in
2011 2458 2041 2476 sc

1210 2490 1355 2521 distracta
1377 2498 1475 2527 motu,
1499 2490 1646 2531 nulloque
1668 2489 1794 2520 inferius
1815 2489 1931 2530 impetu
1954 2496 2042 2530 rapta

1210 2533 1239 2563 in
1257 2545 1287 2564 se
1302 2533 1368 2575 ipsa
1383 2534 1505 2575 penitus
1521 2541 1607 2564 extra
1622 2544 1732 2574 corpus
1752 2531 1878 2569 extabit,
1894 2542 1952 2561 non
1974 2543 2040 2561 am-

1210 2576 1290 2618 plius
1312 2576 1350 2607 de
1374 2588 1500 2618 corpore
1525 2576 1581 2606 hoc
1604 2576 1633 2606 in
1654 2575 1730 2606 illud
1753 2576 1906 2611 oberrans,
1928 2574 1979 2604 sed
2003 2574 2042 2604 de

1208 2619 1329 2649 animali
1346 2619 1376 2649 in
1392 2619 1627 2650 intellectualem
1645 2619 1709 2660 jam
1726 2616 1868 2648 translata
1889 2624 2039 2647 naturam.

1210 2662 1385 2703 Interrogat
1408 2670 1477 2704 post
1499 2662 1564 2692 haec
1587 2661 1737 2697 Plotinus,
1754 2658 1908 2700 quomodo
1930 2670 2041 2701 corpus

1209 2705 1353 2736 desciscat
1370 2705 1409 2736 ab
1424 2705 1542 2736 anima?
1562 2703 1739 2745 Respondet
1754 2702 1836 2732 hunc
1851 2701 1882 2731 in
1898 2702 2038 2733 modum:

1211 2748 1343 2785 Quando
1358 2760 1470 2790 corpus
1485 2755 1597 2778 certam
1613 2745 1766 2787 quandam
1782 2744 1894 2775 amittit
1909 2756 2039 2787 propor-
