2201 2990
628 116 785 147 VITAM
809 115 1035 146 AUCTORE
1060 115 1348 147 PORPHYRIO.
1373 126 1402 158 p.
1420 116 1460 147 lii.
1478 116 1528 147 liii.
1893 130 1949 149 xcv

207 206 339 238 Taurin.
355 213 386 237 et
406 202 525 235 Fabric.
545 202 575 232 in
599 201 680 232 Bibl.
699 201 755 232 Gr.
774 200 842 230 III.
864 211 894 241 p.
913 209 980 241 179.
998 212 1042 242 sq.
1062 201 1086 228 A
1106 211 1144 230 ex
1166 199 1224 230 hoc
1247 199 1313 230 loco
1335 199 1383 230 hic
1408 200 1585 242 Hesychius
1610 213 1628 231 a
1652 203 1793 233 Fabricio
1818 216 1889 234 cum
1916 204 1946 234 in

207 258 329 290 Harles.
375 257 565 287 Accensetur
586 259 689 282 autem
717 262 777 281 nou
801 251 902 281 minus
925 250 1044 293 Pytha-

204 308 314 350 goreis,
336 316 428 348 quam
452 302 628 335 Platonicis.
663 303 698 333 J.
716 302 790 333 Chr.
810 302 976 344 Lindberg.
995 303 1043 332 De

205 357 406 400 Inscriptione
419 354 574 386 Melitensi
588 353 885 384 Phoenieio-Graeca.
908 353 1043 383 Havniae

206 410 296 441 1828.
322 420 352 450 p.
372 416 425 447 71:
460 409 482 424 “
499 405 722 441 Benchodcsch,
748 404 900 442 Citiensis,
921 405 1040 435 Nume-

201 460 302 492 nius.”
340 459 389 489 De
404 457 522 488 Amelio
540 455 717 487 Gentiliano
735 456 840 486 Tusco
863 455 934 486 item
954 455 1039 497 judi-

200 512 279 543 cium
303 509 417 552 legitur
435 507 566 550 Longini
589 507 607 537 l.
625 506 643 538 l.
666 514 696 537 et
719 506 831 548 saepius
853 514 1042 538 memoratur

201 561 376 604 Porphyrio
404 560 435 591 in
460 559 518 590 hac
542 558 620 589 Vita.

198 613 334 652 Ἀμέλιος
359 618 390 642 et
414 611 446 641 in
471 613 634 646 Πλωτῖυος,
657 609 711 651 qui
738 620 810 640 cum
837 618 939 640 tamen
964 610 1041 641 falso

199 663 364 706 Porphyrii
380 662 560 704 magistrum
576 660 691 703 prodit,
706 660 764 691 hoc
781 661 903 692 nomine
918 668 1041 693 notatus

197 716 236 746 ab
254 714 417 745 Holstenio
436 713 475 744 de
491 712 563 743 Vita
584 720 614 743 et
637 712 764 754 Scriptis
781 712 946 755 Porphyrii
963 714 1039 755 Cap.

198 767 254 798 VI.
278 766 358 797 adde
374 765 496 796 Reines.
520 771 551 795 et
575 763 721 794 Muelleri
742 763 832 794 Obss.
858 763 887 794 in
911 765 1039 795 Suidam

197 830 227 861 p.
247 826 295 859 15.
312 823 342 848 et
358 816 482 848 Fabric.
499 816 536 846 B.
557 816 612 846 Gr.
632 816 699 846 ΙΙΙ.
717 826 746 857 p.
764 817 834 846 160.
851 827 895 857 sq.
914 816 1036 848 Harles.

196 871 263 902 Nec
278 869 379 900 minus
397 868 508 899 Suidas
523 867 553 897 in
569 879 605 898 eo
621 866 743 905 erravit,
759 866 844 908 quod
861 879 931 897 eum
949 869 1037 910 Apa-

194 932 327 953 mensem
345 921 459 962 Syrum
474 918 558 957 fecit,
571 918 696 959 gravius
712 917 801 949 etiam
817 918 952 960 Cyrillus
968 931 1037 950 con-
1057 918 1080 945 C

195 980 242 1004 tra
267 971 386 1003 Julian.
414 982 446 1012 p.
472 970 543 1012 283.
572 969 687 1012 Spanh.
713 970 798 1012 quod
822 970 980 1002 Amelium
1008 978 1038 1002 et

195 1023 407 1056 Gentilianum
431 1022 567 1052 diversos
592 1021 706 1062 posuit,
729 1027 853 1052 notatus
876 1030 1039 1064 propterca

195 1075 321 1117 Toupio
349 1074 389 1105 ad
420 1073 550 1115 Longin.
582 1073 742 1114 Fragmm.
774 1073 812 1103 V.
842 1082 870 1104 2.
904 1085 934 1115 p.
961 1083 1036 1114 521.

193 1126 316 1157 Weisk.
362 1125 425 1156 Hie
448 1124 504 1155 sibi
528 1131 719 1166 persuaserat
742 1125 834 1164 λόγου
856 1124 1037 1166 appellatio-

192 1190 262 1209 nem
278 1190 294 1209 e
311 1176 503 1220 philosophia
520 1175 679 1206 Platonica
694 1175 724 1205 in
741 1176 761 1205 J
765 1175 872 1206 oannis
887 1177 1035 1219 Evange-

193 1230 268 1260 lium
292 1228 481 1265 translatam,
497 1234 527 1258 et
549 1238 619 1258 cum
643 1227 737 1268 hujus
760 1227 922 1258 exordium
944 1228 1035 1259 velic-

667 559 717 589 De
742 570 778 588 eo
803 557 864 589 vid.
894 558 982 589 Suid.
1009 559 1039 589 in
1058 562 1082 589 B

1107 250 1337 293 Hesychioruni
1365 258 1431 281 tuin
1459 251 1488 281 in
1519 251 1747 283 Platonicorum
1773 255 1944 297 catalogum

1104 301 1219 332 relatus
1234 308 1288 332 est.
1322 302 1378 332 Cr.

1147 364 1178 394 p.
1196 352 1248 382 liii.
1265 359 1289 382 g·
1312 354 1385 391 μετὰ
1403 352 1563 383 Ἀντωνίου
1581 355 1632 383 τοῦ
1645 352 1770 394 Ῥοδίου]
1803 356 1885 387 Hinc
1902 369 1947 388 re-

1103 403 1184 434 latus
1203 403 1233 434 in
1257 403 1441 445 Catalogum
1466 404 1695 434 Platonicorum
1718 416 1736 435 a
1752 406 1893 437 Fabricio
1909 409 1943 438 B.

1104 455 1162 485 Gr.
1188 454 1255 485 Vol.
1284 455 1353 485 III.
1382 467 1412 497 p.
1433 456 1503 486 162.
1529 455 1674 493 Harlesii,
1703 456 1756 486 ubi
1784 458 1943 489 Heumaw

1102 517 1161 536 nus
1184 505 1266 537 hunc
1290 506 1464 537 Antonium
1489 518 1546 548 pro
1569 506 1674 537 eodem
1701 507 1804 545 habet,
1823 508 1861 538 de
1883 521 1945 550 quo

1103 557 1232 588 Proclus
1257 557 1287 587 in
1311 557 1393 588 Tim.
1416 558 1485 588 III.
1509 569 1541 599 p.
1562 560 1632 598 187.
1656 558 1708 588 uhi
1732 559 1862 590 Antonii
1886 560 1946 591 fide

1103 608 1225 639 Persica
1236 608 1376 639 doctrina
1389 608 1428 639 de
1444 609 1605 639 individua
1620 617 1650 640 et
1663 610 1791 640 dividua
1807 611 1947 642 substan-

1103 659 1143 690 tia
1162 659 1262 700 (Plato
1277 660 1396 691 Timaeo
1420 672 1449 702 p.
1466 670 1518 701 35.
1541 672 1571 702 p.
1588 671 1640 702 32.
1660 661 1772 701 Bekk.)
1794 662 1943 694 refertur:

1101 712 1174 742 οὕτω
1190 713 1246 751 γὰρ
1263 713 1277 742 ὁ
1292 711 1448 750 Ἀθηναῖος
1466 711 1538 754 (leg.
1552 712 1715 753 Ἀσιναῖος)
1733 713 1817 753 λέγει
1829 716 1946 745 Θεόδω-

1100 775 1159 802 ρος,
1186 764 1277 803 εὑρὼν
1302 765 1381 803 παρὰ
1405 766 1443 805 τῷ
1468 765 1628 805 Πορφυρίῳ
1652 765 1704 802 τὴν
1730 766 1825 803 δόξαν,
1851 766 1887 798 ὡς
1914 767 1947 796 ἐκ

1101 815 1247 854 Περσίδος
1267 815 1407 854 ἤκουσαν.
1430 818 1520 846 ταῦτα
1540 817 1614 855 γοῦν
1627 815 1807 847 Ἀντωυῖυου
1828 818 1942 856 ἱστορῆ-

1101 879 1151 896 σαι
1166 865 1217 896 τὸυ
1232 865 1398 905 Ἀμμωνίου
1413 866 1552 905 μαθητήν.
1593 866 1657 897 Ubi
1679 867 1764 908 quod
1783 879 1838 898 nec
1859 868 1944 899 Rho-

1101 916 1170 947 dius
1193 917 1306 948 dicitur
1326 924 1356 948 et
1376 918 1530 948 Ammonii
1550 918 1720 960 discipulus
1740 919 1863 958 dicitur,
1879 931 1942 950 am-

1100 968 1260 1010 pliandum
1277 968 1426 1000 existimo.
1460 970 1514 1001 Cr.

1132 1032 1162 1062 p.
1174 1020 1226 1051 liii.
1240 1020 1268 1052 h.
1284 1020 1363 1061 Ἐγὼ
1375 1022 1405 1051 δὲ
1419 1022 1588 1061 Πορφύριος
1603 1022 1635 1052 τὸ
1652 1025 1766 1062 πρῶτον
1782 1023 1856 1064 αὐτῷ
1871 1035 1941 1062 συγ-

1100 1071 1233 1114 γέγουα]
1271 1072 1325 1102 Bis
1355 1073 1487 1103 Romam
1516 1072 1599 1103 venit
1630 1073 1834 1115 PorphyriuS.
1872 1073 1945 1105 Vid.

1098 1123 1168 1153 infr.
1193 1135 1219 1154 c.
1236 1123 1274 1153 V.
1298 1135 1328 1166 p.
1349 1134 1417 1154 101.
1439 1123 1506 1154 init.
1536 1124 1616 1154 conf.
1636 1125 1817 1156 Boissonad.
1836 1126 1874 1156 V.
1893 1125 1943 1156 Cl.

1098 1175 1137 1205 ad
1155 1176 1281 1217 Eunap.
1298 1187 1328 1217 p.
1347 1183 1418 1216 157.
1434 1183 1463 1206 et
1479 1175 1518 1206 de
1538 1175 1698 1206 itineribus
1718 1177 1785 1218 ejus
1801 1176 1942 1207 Philoso-

1098 1226 1152 1268 phi
1174 1228 1261 1268 Ang.
1284 1226 1406 1256 RIaium
1430 1226 1470 1257 ad
1495 1227 1657 1269 Porphyrii
1682 1228 1784 1269 Epist.
1800 1228 1839 1258 ad
1857 1229 1943 1258 Mar-

192 1288 311 1312 menter
326 1279 495 1310 admiratus
515 1285 603 1315 esset,
619 1278 649 1308 iu
669 1278 735 1308 loco
752 1279 780 1309 I.
795 1289 848 1319 34.
864 1279 953 1309 aliam
971 1280 1034 1310 dis-
1054 1281 1080 1307 D
1098 1277 1165 1309 cell.
1183 1290 1209 1308 c.
1228 1278 1284 1308 IV.
1301 1289 1333 1319 p.
1350 1279 1422 1308 611.
1439 1277 1489 1308 ed.
1505 1278 1622 1309 Orellii.
1656 1280 1709 1310 Cr.

192 1332 369 1363 tinctionem
396 1330 581 1361 instituerat.
624 1329 693 1360 Vid.
721 1337 832 1371 praeter
856 1330 951 1372 Cyl-il.
976 1330 996 1361 l.
1012 1331 1033 1361 l.

192 1383 308 1415 Euseb.
328 1383 363 1414 P.
380 1383 419 1413 E.
438 1382 502 1412 XI.
523 1391 571 1422 19.
589 1393 618 1422 p.
636 1390 710 1421 540.
742 1381 933 1412 Theodoret.
951 1382 1035 1413 The-

191 1442 311 1477 rapeut.
325 1435 383 1465 IV.
398 1441 510 1475 p.751.
530 1431 655 1463 Schulz.
684 1431 862 1463 Tillemont.
882 1433 964 1464 Hist.
981 1433 1035 1464 des

191 1488 380 1528 Empereurs
409 1485 477 1515 ΙΙΙ,
506 1495 537 1525 p.
557 1493 631 1522 411.
656 1495 701 1524 sq.
725 1483 773 1514 ed.
790 1485 896 1515 Venet.
936 1485 1035 1527 Hugo

191 1538 280 1569 Grot.
312 1537 351 1567 dc
378 1535 471 1566 Verit.
501 1534 605 1576 Relig.
633 1534 748 1565 Christ.
780 1547 808 1577 p.
834 1546 886 1575 44.
911 1548 954 1578 sq.
984 1537 1032 1567 ed.

191 1588 343 1620 Koecher.
375 1586 557 1618 Cudworth.
577 1587 657 1628 Syst.
677 1586 778 1616 Intell.
796 1598 826 1629 p.
841 1589 912 1618 661.
931 1588 1032 1618 Mosh.

189 1640 326 1672 Gibbon.
346 1639 430 1669 Hist.
446 1638 482 1668 of
495 1638 546 1668 the
563 1637 690 1668 Declinc
706 1638 741 1668 of
759 1638 809 1668 the
827 1639 920 1669 Rom.
937 1640 1032 1682 Emp.
1051 1644 1074 1671 E

188 1692 257 1723 Vol.
274 1691 313 1722 V.
336 1703 366 1732 p.
384 1691 434 1732 63.
457 1701 534 1720 verS.
559 1689 667 1720 Germ.
714 1689 803 1720 Illius
830 1690 1033 1722 distinctionis

186 1743 315 1785 vestigia
332 1741 486 1783 hodieque
507 1740 605 1771 multa
625 1748 746 1771 exstant
762 1741 791 1771 in
808 1741 874 1772 loco
890 1743 1031 1773 Joannis.

187 1795 259 1826 Vid.
286 1805 350 1825 var.
375 1794 461 1824 Lect.
485 1793 515 1824 in
539 1793 602 1824 Ed.
624 1792 816 1824 Griesbachii
841 1805 872 1836 p.
889 1803 963 1835 425.
988 1806 1031 1836 sq.

189 1855 219 1878 et
241 1845 365 1877 consule
387 1845 425 1875 dc
447 1845 506 1876 hoc
528 1845 594 1876 loco
616 1845 772 1876 clarissimi
796 1846 827 1875 J.
846 1857 904 1876 van
922 1846 1033 1876 Voorst

189 1900 336 1929 Annotat.
365 1897 395 1927 in
426 1896 492 1927 loca
522 1898 564 1927 N.
590 1898 632 1928 T.
664 1896 772 1927 selecta
806 1897 929 1939 specim.
962 1898 1031 1928 ΙΙΙ.

189 1962 222 1993 p.
242 1958 308 1980 102.
347 1948 463 1979 Amelii
485 1956 588 1979 autem
606 1949 778 1990 fragmenta
797 1948 953 1991 permulta
972 1949 1032 1979 col-

189 2000 242 2043 ligi
258 2007 386 2042 possunt
401 2011 471 2031 cum
488 2011 525 2030 ex
543 2000 690 2031 Ecclesiae
711 2000 911 2042 scriptoribus
930 2009 994 2031 tum
1015 2013 1031 2032 e
1050 2005 1073 2032 F

190 2051 298 2083 Proclo
313 2051 343 2082 in
357 2051 513 2082 Timaeum
527 2051 665 2094 aliosque
679 2052 812 2083 Platonis
824 2052 962 2095 dialogos
976 2053 1029 2093 (cf.

188 2103 227 2134 ad
250 2102 347 2134 Aleib.
368 2114 413 2144 pr.
438 2114 470 2144 p.
490 2111 538 2142 70.
557 2103 604 2134 ed.
622 2106 730 2142 nostr.)
758 2104 882 2135 Stobaeo
901 2104 1030 2147 aliisque

191 2154 257 2196 (vid
271 2165 308 2184 .ν.
322 2165 347 2184 c.
365 2153 579 2196 Olympiodor.
597 2155 627 2185 in
645 2155 765 2186 Phileb.
783 2168 812 2197 p.
830 2156 900 2197 265.
919 2157 1027 2188 Stallb.

188 2213 218 2236 et
235 2206 376 2235 Damaso.
390 2204 428 2235 de
442 2205 599 2247 Principiis
615 2207 666 2237 61.
684 2219 715 2248 p.
731 2216 800 2249 173.
813 2208 946 2250 Kopp.).
973 2209 1028 2239 Cr.

221 2268 252 2299 p.
265 2255 317 2286 liii.
329 2256 346 2285 f.
364 2256 571 2299 Οὐστιλλιανῷ
586 2257 737 2301 “Ηο·υχίῳ]
757 2259 805 2289 Sic
822 2259 926 2301 scripsi
938 2261 1028 2302 jussu

187 2308 335 2338 librorum
362 2306 576 2348 plurimorum,
602 2317 632 2340 et
658 2309 700 2340 ita
726 2322 851 2352 quoque
878 2311 1028 2353 placuisse

1141 1341 1172 1371 p.
1189 1328 1243 1359 liii.
1261 1328 1278 1359 ῑ.
1302 1329 1368 1360 οὐδὲ
1385 1329 1594 1368 εὐσυνειὸήτως
1610 1331 1760 1372 ἐγίγνετο]
1787 1330 1897 1361 Suidas
1914 1331 1939 1361 l.

1096 1392 1129 1423 p.
1147 1391 1221 1420 911.
1239 1381 1348 1411 Kust.:
1374 1380 1584 1418 εὐοᾟιέίδητος’
1610 1384 1688 1423 καλῷ
1712 1384 1766 1418 ζῶν
1786 1384 1940 1413 συνειδότι.

1097 1433 1141 1462 Et
1156 1432 1199 1463 ita
1214 1439 1259 1463 est
1274 1432 1365 1463 etiam
1382 1432 1412 1462 in
1430 1432 1576 1462 Antonini
1593 1432 1799 1463 Commentar.
1817 1433 1874 1463 VI.
1887 1443 1940 1473 30.

1095 1484 1148 1514 fin.
1171 1495 1200 1526 p.
1221 1493 1292 1524 192.
1340 1483 1485 1514 Similiter
1510 1491 1639 1525 usurpat
1663 1484 1855 1515 Adverbium
1882 1485 1938 1515 Isi-

1095 1535 1189 1566 dorus
1205 1535 1289 1577 apud
1305 1535 1457 1566 Clement.
1472 1535 1565 1565 Alex.
1580 1537 1723 1566 Stromm.
1739 1536 1807 1566 III.
1824 1548 1853 1578 p.
1865 1547 1939 1577 510.

1094 1587 1159 1617 init.
1186 1587 1300 1618 Potter.
1324 1593 1355 1617 at
1379 1586 1443 1629 ipse
1468 1586 1613 1617 Clemens
1637 1588 1783 1617 Stromm.
1801 1588 1879 1618 VII.
1905 1600 1939 1630 p.

1096 1639 1174 1669 860:
1204 1640 1259 1669 ὧδε
1284 1640 1339 1678 γὰρ
1365 1639 1412 1669 καὶ
1434 1640 1472 1680 τῷ
1496 1641 1646 1680 γνωστικῷ
1667 1638 1869 1677 ἀνεπιλήπτως
1893 1640 1938 1670 καὶ

1095 1691 1303 1723 εὐσυυειδότως
1320 1692 1356 1721 τὰ
1371 1689 1435 1730 παρ’
1456 1690 1560 1720 ἑαυτὸν
1577 1689 1656 1730 (παρ’
1675 1691 1778 1720 ἑαυτοῦ
1797 1690 1845 1720 alii
1870 1702 1940 1733 pro-

1094 1742 1186 1773 bante
1210 1741 1374 1785 Sylburg.)
1391 1741 1487 1772 πάντα
1506 1742 1748 1781 ἐκπεπληρωκότι,
1780 1742 1829 1771 Cf.
1846 1742 1937 1773 etiam

1094 1793 1175 1824 locos
1190 1805 1240 1836 ap.
1259 1793 1374 1824 Suicer.
1390 1793 1481 1824 Thes.
1500 1792 1618 1823 Eccles.
1638 1794 1666 1823 I.
1688 1794 1775 1832 1267.
1792 1793 1844 1823 ubi
1861 1805 1938 1824 sem-

1093 1857 1149 1887 per
1177 1853 1223 1876 est
1252 1856 1321 1876 cum
1351 1846 1430 1876 bona
1459 1845 1656 1875 conscicntia.
1704 1844 1794 1875 Hanc
1822 1845 1882 1876 vim
1913 1846 1938 1876 si

1093 1905 1197 1927 nostro
1223 1896 1290 1928 loco
1318 1896 1446 1933 tribuas,
1474 1896 1516 1926 ita
1541 1895 1634 1926 fuerit
1660 1895 1876 1937 accipiendus:
1913 1897 1936 1927 si

1092 1948 1218 1990 quando
1232 1948 1301 1990 quis
1315 1948 1370 1978 has
1383 1947 1498 1978 Plotini
1513 1947 1747 1989 disputationes,
1764 1947 1858 1978 inscio
1874 1959 1937 1979 ma-

1090 2000 1198 2042 gistro,
1221 2011 1291 2030 cum
1314 1999 1374 2030 alio
1396 1999 1652 2035 communicabat,
1672 1998 1728 2029 hoc
1752 2010 1811 2029 non
1835 1999 1934 2030 facere

1091 2051 1133 2082 ita
1148 2058 1279 2094 poterat,
1296 2058 1331 2082 ut
1347 2058 1427 2082 recte
1442 2050 1548 2081 fecisse
1564 2062 1594 2080 se
1610 2050 1665 2080 sibi
1687 2050 1824 2080 conscius
1846 2058 1934 2081 esset.

1092 2103 1152 2134 Sed
1169 2109 1294 2145 praestat
1310 2110 1410 2133 tamen
1425 2102 1523 2132 Fit-ini
1540 2101 1761 2144 interpretatio,
1776 2112 1830 2131 nec
1842 2102 1937 2144 VVyt-

1091 2155 1271 2186 tenbachius
1294 2165 1359 2185 cam
1378 2153 1575 2196 reprehendit
1591 2153 1621 2183 in
1640 2153 1720 2183 notis
1741 2152 1780 2183 ad
1797 2152 1874 2183 hanc
1890 2152 1933 2183 vi-

1090 2214 1152 2237 tam
1169 2218 1239 2237 mss.
1271 2206 1327 2237 Cr.

1127 2270 1156 2300 p.
1175 2257 1228 2288 liii.
1244 2257 1268 2288 k·
1286 2257 1449 2297 ἐπιγραφαί
1463 2258 1538 2287 εἰσιν
1555 2256 1631 2298 αἵδε]
1650 2256 1729 2288 Quae
1745 2254 1775 2285 in
1792 2254 1932 2297 plurimis

1091 2309 1193 2341 Codd.
1209 2308 1320 2340 nostris
1340 2315 1529 2350 sequuntur:
1555 2307 1635 2346 θήσω
1654 2308 1685 2337 δὲ
1706 2307 1752 2337 καὶ
1770 2308 1821 2338 τὰς
1842 2307 1935 2346 ἀρχᾶς

187 2359 276 2389 video
306 2358 461 2395 Rcinesio,
491 2370 548 2400 pro
576 2359 735 2403 Ἰουστίυῳ,
768 2363 821 2404 qui
852 2363 1028 2395 I-Iostiliano
1047 2369 1073 2396 G
1091 2366 1190 2394 κ.τ.λ.
1215 2373 1250 2391 ea
1273 2372 1328 2391 nec
1352 2360 1479 2391 Ficinus
1504 2359 1533 2389 in
1558 2358 1678 2389 Latinis
1701 2357 1852 2394 exhihuit,
1877 2368 1931 2387 nec

186 2410 287 2441 vertit.
334 2410 399 2439 Nec
419 2409 530 2447 obstat,
547 2411 630 2452 quod
648 2412 797 2455 Dionysio
814 2413 888 2444 Hal.
907 2415 976 2445 III.
999 2426 1025 2446 1.

187 2461 303 2492 Tullus
318 2460 367 2491 ille
384 2461 452 2491 Rex
470 2460 582 2491 dicitur
597 2461 777 2496 εΟστίλλιος.

186 2513 280 2543 nescit
296 2520 413 2542 veteres
429 2523 485 2553 pro
501 2526 515 2541 ο
532 2512 685 2554 scripsisse
707 2515 818 2557 saepius
833 2517 866 2546 οὐ
882 2516 973 2547 etiam
989 2517 1027 2547 de

184 2563 282 2594 litera.
308 2563 380 2593 Vid.
394 2564 577 2594 Buttmann.
590 2564 629 2594 ad
643 2564 763 2596 Platon.
778 2567 893 2609 Cratyl.
911 2579 942 2609 p.
958 2578 1025 2599 110.

186 2616 216 2655 ξ.
227 2624 277 2655 70.
294 2615 342 2645 ed.
356 2614 521 2645 Heindorf.
535 2622 564 2645 et
580 2615 712 2645 Dawesii
726 2616 918 2648 Miscellann.
933 2619 1026 2650 Critt.

186 2678 216 2708 p.
238 2676 307 2707 129.
325 2678 391 2708 sqq.
408 2673 438 2696 et
454 2678 486 2708 p.
505 2675 576 2697 221.
594 2678 659 2708 sqq.
677 2667 726 2697 cd.
744 2667 841 2698 Kidd.
880 2670 1026 2700 Ceterum

826 2465 925 2495 Nemo
946 2466 1027 2496 enim

1090 2412 1309 2445 Boissonadius
1334 2424 1350 2442 e
1374 2411 1454 2442 Cod.
1476 2410 1573 2441 Paris.
1601 2421 1647 2440 nr.
1669 2418 1762 2449 2290.
1784 2408 1932 2445 enotavit,

1089 2477 1143 2496 nec
1168 2463 1430 2507 VVyttenbachius
1453 2462 1492 2492 de
1518 2462 1554 2492 iis
1579 2461 1608 2491 in
1634 2460 1771 2491 ordinem
1799 2459 1929 2489 inferen-

1088 2517 1135 2547 dis
1157 2515 1287 2553 monuit,
1305 2526 1358 2545 nec
1382 2514 1477 2556 ipsius
1500 2512 1666 2555 Porphyrii
1689 2511 1833 2541 videntur
1854 2521 1929 2543 esse,

1088 2568 1141 2598 sed
1165 2567 1295 2608 alicujus
1321 2565 1454 2597 accurati
1482 2564 1607 2595 librarii.
1654 2563 1702 2593 De
1729 2559 1930 2601 inscriptioni-

1088 2619 1146 2649 bus
1161 2625 1263 2648 autem
1280 2630 1298 2648 a
1313 2629 1362 2648 me
1377 2617 1415 2647 ad
1431 2616 1622 2658 singulorum
1642 2613 1756 2645 Plotini
1781 2612 1928 2642 librorum

1088 2669 1209 2700 initium
1226 2677 1271 2700 est
1286 2668 1416 2700 dictum.
1449 2668 1505 2698 Cr.
