2201 2990
520 138 583 178 IN
614 135 843 177 LIBRUM
875 135 947 174 IV.
982 133 1237 173 ENNEAD.
1269 133 1486 171 PRIMAE.

147 239 219 282 quia
239 250 308 270 raro
328 235 493 268 admodum
509 242 538 266 et
552 235 631 265 forte
650 244 807 274 nunquam
825 231 977 262 concurrit

148 283 179 313 in
195 282 300 313 eodem
315 279 435 322 ingenio
450 277 595 309 naturalis
611 276 772 317 utriusque
788 274 961 305 dexteritas.

150 369 241 405 Neque
268 376 354 394 omnes
381 365 605 395 animadvernmt,
635 367 745 390 mentem
773 371 849 389 sumn
876 370 978 397 semper

187 418 266 444 agere
284 409 353 434 circa
373 406 490 432 divinam
501 415 509 430 .·
533 413 614 438 neque
630 404 721 430 beatus
739 412 840 438 semper
855 403 976 428 animad-

186 449 263 475 vertit
285 447 413 474 rationem
434 454 507 471 suam
531 445 691 480 superiorem
712 452 792 478 agere
814 443 885 469 circa
905 452 976 469 men-

186 492 246 515 lem.

189 539 233 569 X.
257 536 325 568 Etsi
346 536 376 566 in
398 536 486 567 beato
509 535 586 565 ratio
606 534 790 577 speculatrix
806 534 864 565 sub
879 534 978 565 forma

142 582 206 623 jam
221 588 352 621 actuque
373 579 482 609 mentis
501 578 576 620 agit,
593 589 653 608 non
670 585 770 608 tamen
786 577 828 608 ita
844 589 873 608 se
888 589 978 619 agere

147 635 263 666 semper
287 621 515 654 animadvertit:
545 621 621 651 sicut
648 632 746 662 neque
772 620 821 650 alii
845 628 977 651 mentem

146 675 277 697 nostram
294 677 383 706 agere
397 665 475 695 circa
491 664 624 694 divinam
640 671 771 694 mentem
793 675 912 706 semper
927 675 979 705 ag-

146 717 285 740 noscunt.
311 708 396 739 Sicut
411 707 490 738 enim
506 707 535 737 in
552 707 673 738 animali
690 714 792 737 nostro
808 706 977 737 secundum

147 753 205 783 vim
224 751 388 794 vegetalem
406 751 506 781 vivere
526 750 621 781 ferme
643 750 723 780 idem
745 757 799 787 est,
815 758 909 791 atque
925 762 977 781 ve-

145 803 259 837 getare,
276 795 306 825 id
321 802 376 831 est,
393 793 519 830 nutrire,
536 805 659 835 augere,
675 805 831 835 generare,
845 805 975 824 servare:

146 850 246 880 neque
266 846 365 868 tamen
387 836 590 879 agnoscimuS,
608 837 686 867 hanc
706 836 765 866 vim
791 836 855 867 haec
877 849 977 876 agere,

146 891 176 912 et
199 880 352 923 quomodo
376 880 446 911 talia
469 888 613 921 peragat:
638 880 711 921 quia
733 879 872 910 videlieet
896 876 980 911 nulla

146 924 271 955 actionis
291 923 384 965 hujus
404 923 504 964 imago
520 923 558 953 ad
574 922 819 965 imaginationem
843 923 980 964 pervenit

147 967 296 1004 animalis,
320 974 373 996 aut
399 974 549 996 nostram:
582 966 624 996 ita
645 973 673 995 et
700 965 730 995 in
755 974 857 996 nostra
879 974 980 997 mente

148 1010 227 1041 idem
250 1010 350 1040 vivere
372 1017 427 1046 est,
449 1016 541 1050 atque
564 1008 742 1050 intelligere,
760 1020 859 1050 neque
879 1017 978 1040 tamen

146 1053 294 1084 actionem
327 1053 393 1094 ejus
429 1060 572 1082 aeternam
611 1052 890 1090 animadvertimus,
925 1053 980 1083 nisi

148 1096 272 1138 quando
301 1095 443 1138 quaedam
474 1095 540 1137 ejus
574 1095 674 1136 imago
704 1095 734 1125 in
766 1104 868 1126 nostra
902 1096 980 1126 ima—

147 1139 300 1181 ginatione
325 1138 505 1180 concipitur.
551 1139 622 1168 Jam
650 1150 722 1168 vero
748 1150 847 1180 neque
874 1139 981 1170 beatus

148 1194 266 1225 semper
293 1181 427 1223 agnoscit
458 1181 686 1223 speculatricem
713 1181 742 1211 in
773 1194 803 1211 se
834 1182 979 1212 rationem

149 1237 211 1256 una
236 1236 305 1255 cum
332 1224 485 1255 intellectu
510 1236 565 1254 suo
588 1224 667 1254 eirca
690 1224 823 1254 divinam
849 1233 981 1256 mentem

144 1269 209 1310 jam
230 1280 335 1309 agere:
361 1267 503 1308 quoniam
525 1267 649 1297 actionis
665 1267 814 1308 ejusmodi
831 1279 891 1298 non
906 1280 981 1299 sem-

149 1323 203 1353 per
230 1311 259 1341 in
289 1311 503 1352 imaginatione
533 1322 586 1340 sua
614 1310 715 1352 imago
740 1310 900 1348 formatur,
928 1323 982 1353 per

149 1365 243 1396 quam
267 1353 422 1384 admoneri
446 1353 521 1383 solet
543 1353 672 1390 animus,
692 1353 766 1394 qnid
791 1354 979 1396 potissimum

149 1397 194 1427 vis
210 1409 245 1427 eo
261 1396 307 1427 vel
323 1396 456 1432 inferior,
474 1396 521 1426 vel
538 1396 674 1438 superior
690 1404 770 1438 agat.
817 1397 880 1428 Hic
896 1406 980 1435 nota,

148 1440 299 1481 pertinere
311 1439 349 1470 ad
361 1439 546 1470 intellectum
559 1446 696 1469 nostrum
709 1451 889 1480 cognoscere
905 1452 981 1471 sem-

149 1494 203 1524 per
228 1491 317 1513 actu:
345 1482 383 1512 ad
410 1482 556 1512 rationem
578 1493 651 1512 vero
675 1489 807 1512 nostram
831 1483 980 1524 quodam-

150 1525 241 1556 modo
256 1525 385 1556 recolere
400 1525 531 1564 cognita,
548 1524 622 1555 (lum
638 1524 716 1555 eirca
732 1526 844 1556 formas
862 1526 982 1567 excogi-

150 1568 256 1599 tandas
278 1580 315 1599 ex
338 1568 445 1598 habitu
469 1568 575 1598 transit
597 1567 627 1598 in
650 1575 763 1605 actum,
779 1575 872 1610 atque
896 1570 982 1600 vicis-

150 1611 224 1642 sim:
257 1611 294 1641 ad
322 1611 566 1652 imaginationem
593 1610 726 1652 denique
751 1612 879 1642 attinere
906 1624 982 1654 quo-

149 1654 313 1685 dammodo
332 1654 444 1684 discere
465 1665 552 1684 nova.
599 1654 677 1684 Haec
698 1654 776 1684 enim
794 1654 816 1685 si
833 1667 850 1685 a
866 1656 982 1687 ratione

150 1698 302 1728 divertens
325 1697 364 1727 ad
388 1696 498 1727 animal
524 1709 554 1727 se
578 1697 747 1728 convertit:
769 1698 843 1739 quid
868 1699 980 1737 videat,

149 1740 263 1782 quidve
278 1740 382 1771 audiat
398 1739 519 1776 animal,
536 1739 637 1770 statim
651 1740 865 1772 animadvertit
880 1754 886 1772 :
906 1742 982 1784 quid

153 1795 221 1814 vero
236 1783 312 1814 ratio
327 1783 446 1813 interim
463 1783 510 1813 vel
525 1782 695 1813 intellectus
715 1791 796 1824 agat,
813 1796 873 1815 non
889 1797 983 1827 agno-

151 1827 216 1857 scit.
261 1828 367 1868 Atque
388 1826 528 1863 vicissim,
545 1826 568 1856 si
586 1826 711 1867 quando
727 1824 835 1857 racans
857 1828 896 1858 ab
918 1828 982 1858 ani-

151 1869 222 1899 mali
237 1869 275 1899 ad
291 1869 437 1899 rationem
454 1876 516 1899 tota
532 1869 729 1906 convertitur,
747 1878 819 1900 tunc
835 1882 889 1912 per
904 1871 981 1902 hanc

152 1912 246 1954 ipsam
274 1912 517 1953 imaginationem
545 1912 664 1942 animus
691 1912 839 1943 rationem
865 1913 982 1956 aliquid

152 1966 240 1996 agere
259 1955 321 1996 jam
344 1954 499 1996 persentit.
545 1955 635 1992 Quod
657 1955 679 1985 si
696 1956 772 1986 ratio
787 1964 983 1988 eonvertatur

154 1997 182 2027 in
208 2005 348 2033 mentem,
364 1998 447 2039 quod
470 1997 577 2028 accidit
598 1998 626 2028 in
650 1998 749 2035 beato,
767 2007 840 2030 tnnc
863 2011 933 2030 sane
953 2007 983 2031 et

153 2048 299 2070 rationem
310 2052 388 2070 eirca
403 2048 532 2071 mentem
551 2048 693 2078 nostram,
706 2049 736 2072 et
752 2050 883 2073 nostram
901 2055 983 2073 men-

155 2091 215 2113 tem
239 2082 317 2113 circa
339 2083 471 2114 divinam
496 2083 620 2125 vigilare
644 2084 764 2115 animus
789 2086 888 2116 statim
916 2086 982 2116 ani-

155 2125 328 2156 madvertit.
373 2126 522 2163 Quoniam
540 2126 569 2156 in
592 2134 693 2157 nostra
708 2127 923 2169 imaginatione
944 2129 983 2160 ab

155 2168 275 2198 animali
300 2176 434 2205 vacante,
455 2169 590 2210 nihilque
611 2169 693 2200 illinc
717 2182 897 2212 corporeum
921 2183 983 2202 ma-

155 2211 307 2248 chinante,
322 2211 466 2252 imagines
480 2212 621 2253 quaedam
637 2213 721 2244 velut
739 2214 778 2243 ab
794 2214 859 2256 ipso
874 2215 984 2245 mentis

156 2253 341 2295 rationisque
360 2262 429 2284 actu
445 2266 568 2296 prorsus
587 2263 747 2297 apparent,
764 2268 817 2298 per
832 2269 908 2299 quas
931 2258 984 2288 ad-

157 2304 298 2327 monetur
318 2296 435 2326 animus
457 2297 486 2327 in
510 2297 624 2328 ratione
644 2299 766 2337 scilicet,
782 2300 829 2330 vel
848 2300 984 2342 specula-

158 2340 242 2375 trice,
259 2339 305 2369 vel
328 2339 436 2377 activa,
451 2346 515 2369 tum
534 2340 730 2380 intellectum,
747 2349 812 2372 tum
836 2343 982 2374 rationem

158 2382 384 2424 speculatricem
401 2393 498 2423 agere.
522 2383 575 2412 Tu
591 2394 662 2413 vero
676 2392 841 2415 memento:
865 2387 902 2416 In
919 2386 985 2428 ipso

158 2425 313 2456 intellectu
329 2425 405 2455 sicut
420 2424 498 2454 idem
511 2432 555 2455 est
566 2425 676 2461 vivere,
689 2434 780 2468 atque
794 2439 985 2468 cognoscere,

160 2468 201 2499 sic
217 2468 295 2499 idem
311 2479 374 2498 esse
389 2478 568 2509 cognoscere
587 2468 708 2508 penitus
723 2477 753 2500 et
767 2481 939 2511 agnoscere,
955 2471 987 2502 id

159 2518 214 2547 est,
231 2510 315 2553 quod
330 2510 393 2552 ipse
409 2517 569 2551 cognoscat
583 2510 831 2542 animadvertere.
877 2514 935 2544 Sed
956 2514 987 2544 in

160 2554 285 2591 ratione,
309 2553 452 2595 quoniam
477 2564 535 2582 non
560 2552 640 2582 idem
663 2561 707 2583 est
730 2554 852 2585 omnino
875 2555 986 2594 vivere,

160 2606 252 2639 atque
274 2608 463 2639 cognoscere,
487 2594 635 2637 siquidem
661 2595 736 2626 illud
760 2604 907 2628 aeternum
932 2606 986 2635 est,

161 2640 218 2671 hoc
242 2652 314 2671 vero
339 2646 488 2682 perpetuo
516 2638 728 2680 permutabile,
754 2639 861 2671 merito
889 2652 988 2683 neque

1804 147 1854 186 53

1021 230 1101 260 idem
1116 237 1161 260 est
1176 240 1366 270 cognoscere,
1384 228 1506 269 quodve
1526 236 1687 269 cognoscat
1706 230 1751 260 vel
1772 239 1854 272 agat,

1021 284 1200 313 agnoscere:
1226 283 1262 302 ex
1279 283 1342 312 quo
1359 271 1507 312 sequitur,
1525 278 1559 301 ut
1581 271 1695 311 agnitio
1715 272 1762 303 hic
1785 286 1855 315 cog-

1021 315 1165 346 nitioncm
1187 323 1332 356 sequatur
1348 322 1493 355 tanquam
1514 314 1665 355 posterius
1685 314 1810 355 aliquid,
1826 325 1856 347 et

1022 366 1101 389 sorte
1117 358 1250 400 quadam
1267 368 1455 398 consequens
1473 363 1566 397 atque
1581 356 1737 393 comitans,
1754 358 1857 388 saciat-

1021 413 1081 443 que
1105 413 1195 443 saepe,
1220 408 1254 431 ut
1277 399 1471 430 distractione
1496 399 1629 441 quadam
1657 399 1749 429 animi
1774 401 1856 441 prior

1020 444 1099 475 actio
1122 445 1159 475 sit
1181 443 1338 485 aliquanto
1359 442 1520 473 remissior.
1566 443 1636 472 Non
1657 441 1751 483 igitur
1766 443 1804 472 ab
1825 455 1856 473 re

1023 487 1164 518 Plotinus
1193 487 1245 524 ait,
1276 486 1474 528 agnitionem,
1503 484 1857 527 animadversionenique

1021 530 1171 572 ejusmodi
1195 541 1249 571 per
1271 537 1506 571 consequentem
1530 528 1790 570 posterioremque
1815 529 1858 558 fa-

1021 573 1177 609 cultatem,
1198 573 1390 614 formamque
1412 571 1528 613 peragi.
1574 570 1765 601 Facultatem
1787 583 1858 601 vero

1021 616 1172 659 posterius
1187 616 1392 651 comitantem,
1408 614 1655 656 imaginationem
1677 614 1773 655 ipsam
1795 626 1857 644 esse

1022 671 1082 690 non
1099 659 1287 690 dubitamus.
1318 660 1462 689 Formam
1479 657 1625 694 similiter,
1642 669 1712 698 qua:
1727 657 1857 698 priorem

1021 703 1184 734 comitetur
1202 702 1341 738 formam,
1359 701 1521 743 imaginem
1544 699 1744 742 appellamus⁴
1792 700 1859 730 Sint

1022 758 1095 788 ergo
1125 745 1277 776 naturales
1307 745 1414 775 forma‘
1442 745 1472 774 in
1503 751 1614 780 mente,
1642 743 1688 773 vel
1720 742 1855 773 ratione:

1022 789 1162 831 quamvis
1182 789 1222 819 ibi
1243 788 1368 830 quidem
1390 798 1522 823 aeternae,
1539 786 1588 817 hic
1604 798 1675 816 vero
1691 793 1858 828 perpetum.

1024 833 1091 863 Sint
1117 832 1210 873 igitur
1237 831 1412 862 adventitia¹
1439 830 1469 860 iu
1498 829 1725 871 imaginatione,
1752 829 1858 859 forma*

1022 876 1189 906 formarum
1214 875 1360 916 imagines
1382 873 1579 909 naturalium,
1601 884 1655 914 per
1675 884 1752 913 quas
1775 872 1859 902 velut

1023 931 1069 949 res
1085 930 1178 949 novas
1194 918 1323 955 animus,
1342 918 1425 947 velut
1445 916 1687 947 admirabundus
1708 915 1857 952 attendat,

1023 962 1318 1002 animadvertatque,
1333 961 1407 1003 quid
1424 960 1453 990 in
1471 959 1587 990 ratione
1603 966 1712 1000 agatur
1728 966 1757 989 ct
1778 970 1860 989 men-

1024 1012 1070 1035 te:
1096 1005 1232 1046 profecto
1248 1005 1325 1035 sieut
1341 1003 1449 1034 oculus
1464 1003 1539 1033 facie
1555 1002 1739 1038 continetur,
1756 1001 1796 1031 sic
1814 1013 1860 1031 ra-

1024 1048 1066 1078 tio
1082 1056 1201 1078 niente:
1226 1055 1319 1089 atque
1340 1047 1418 1077 sicut
1438 1045 1545 1076 oculus
1567 1057 1620 1075 nec
1637 1044 1719 1075 videt
1740 1045 1858 1081 faciem,

1025 1103 1123 1133 neque
1147 1098 1263 1121 motum
1284 1090 1350 1131 ejus
1373 1089 1514 1126 advertit,
1531 1088 1586 1118 nisi
1602 1087 1727 1129 quando
1743 1087 1772 1117 in
1795 1099 1860 1129 spe-

1024 1134 1126 1164 culum
1143 1140 1226 1164 certo
1246 1133 1338 1163 modo
1357 1133 1444 1163 nobis
1466 1131 1640 1174 oppositum
1666 1131 1791 1161 lineares
1813 1131 1859 1161 fa-

1024 1177 1077 1207 ciei
1102 1177 1178 1207 radii
1201 1176 1388 1218 diriguntur,
1405 1183 1498 1217 atque
1520 1175 1590 1205 inde
1609 1185 1663 1216 per
1679 1173 1789 1204 similes
1808 1185 1860 1204 an-

1024 1220 1113 1262 gulos
1138 1219 1338 1250 reflectuntur
1359 1219 1397 1249 ad
1421 1218 1556 1255 oculum,
1581 1225 1611 1247 et
1637 1217 1794 1258 speculum
1819 1217 1861 1247 ita

1025 1270 1156 1293 ostentat
1178 1263 1352 1304 imaginem,
1368 1261 1500 1302 siquam
1524 1260 1615 1290 modo
1638 1260 1730 1290 habet
1752 1260 1859 1301 imagi-

1026 1318 1114 1337 nem:
1147 1305 1235 1335 simili
1259 1305 1393 1346 quodam
1419 1312 1508 1346 pacto
1531 1303 1608 1333 ratio
1633 1302 1716 1333 velut
1741 1303 1859 1339 oculus,

1025 1361 1124 1390 neque
1140 1348 1223 1378 videt
1237 1355 1380 1385 mentem,
1396 1359 1495 1389 neque
1516 1358 1605 1388 agere
1621 1346 1700 1376 illam
1722 1346 1860 1376 animad-

1024 1393 1126 1428 vertit,
1143 1391 1283 1433 quamvis
1306 1402 1423 1432 semper
1438 1397 1520 1432 agat,
1538 1389 1593 1419 nisi
1609 1397 1694 1419 actus
1709 1389 1775 1431 ejus
1789 1397 1860 1430 agat

1024 1434 1161 1465 nonnihil
1175 1434 1204 1464 in
1217 1434 1461 1475 imaginationem
1479 1432 1601 1463 aliunde
1617 1432 1779 1470 diversam,
1789 1432 1860 1462 illuc

1024 1490 1096 1508 vero
1111 1489 1297 1508 conversam.
1343 1478 1413 1514 Quo
1428 1476 1553 1518 quidem
1576 1483 1645 1505 actu
1662 1476 1700 1505 ab
1716 1474 1862 1517 imagina-

1025 1521 1106 1552 tione
1122 1521 1151 1551 in
1169 1521 1315 1551 rationem
1332 1520 1457 1550 resultet
1478 1518 1641 1561 superioris
1661 1518 1787 1548 aetionis
1807 1519 1861 1548 im-

1025 1576 1094 1603 ago.
1142 1565 1203 1594 Hic
1227 1563 1346 1594 notabis
1368 1563 1467 1605 primo
1486 1562 1623 1603 quidem,
1645 1561 1697 1591 ubi
1719 1561 1861 1591 Plotinus

1025 1615 1078 1644 ait,
1095 1619 1149 1637 nos
1170 1618 1229 1637 non
1250 1618 1313 1637 esse
1334 1605 1479 1648 vegetalis
1501 1605 1655 1635 facultatis
1677 1612 1790 1641 aetum,
1808 1605 1861 1634 sed

1025 1662 1088 1681 esse
1111 1651 1213 1692 potius
1235 1657 1337 1680 aetum
1362 1648 1588 1690 intelligentiae:
1613 1647 1645 1678 id
1667 1647 1859 1689 potissimum

1026 1694 1055 1724 in
1073 1694 1162 1724 beato
1177 1705 1240 1723 esse
1257 1704 1378 1723 verum:
1406 1703 1509 1722 verum
1528 1703 1651 1732 quoque
1672 1691 1702 1720 in
1723 1690 1861 1732 quolibet

1025 1737 1145 1767 animo:
1180 1747 1271 1778 quem
1302 1735 1468 1766 intellectui
1499 1734 1737 1775 conjunctior-em
1767 1745 1860 1775 quam

1026 1779 1148 1810 animali
1166 1779 1305 1810 Plotinus
1323 1778 1484 1809 existimat.
1530 1777 1651 1807 Deinde
1670 1777 1723 1807 ubi
1742 1776 1795 1813 ait,
1812 1788 1861 1806 ac-

1027 1831 1092 1853 tum
1123 1822 1311 1863 intelligendi
1343 1830 1417 1852 tunc
1447 1832 1510 1852 esse
1543 1821 1658 1861 absque
1688 1819 1860 1862 phantasia,

1027 1866 1152 1908 quando
1167 1865 1252 1896 nulla
1269 1865 1340 1895 inde
1360 1865 1389 1895 in
1411 1865 1467 1895 hac
1483 1864 1584 1905 imago
1599 1864 1643 1900 fit,
1661 1870 1753 1904 atque
1768 1862 1862 1892 resul-

1027 1917 1088 1940 tat:
1116 1920 1174 1939 non
1196 1907 1427 1949 intelligentiam
1451 1918 1559 1948 puram
1582 1918 1600 1937 a
1622 1905 1791 1948 phantasia,
1809 1905 1861 1936 sed

1026 1952 1216 1994 phantasiam
1237 1952 1276 1982 ab
1292 1950 1490 1992 intelligentia
1506 1949 1697 1992 dependere:
1723 1948 1863 1990 quamvis

1027 1995 1179 2026 rationalis
1201 1994 1411 2036 intelligentia,
1429 1993 1460 2023 id
1475 1999 1531 2029 est,
1548 1992 1702 2034 cogitatio,
1723 1992 1862 2033 ratioque

1027 2038 1146 2068 mobilis
1166 2050 1183 2068 a
1201 2037 1361 2079 phantasia
1384 2036 1495 2078 saepius
1517 2036 1676 2072 excitetur,
1695 2035 1862 2076 praesertim

1026 2081 1124 2112 activa
1140 2081 1229 2111 ratio:
1247 2092 1340 2122 quam
1357 2080 1450 2110 solam
1466 2079 1625 2120 phantasia
1641 2089 1759 2119 semper
1774 2089 1862 2119 egere

1027 2125 1204 2155 Aristoteles
1230 2124 1294 2154 ait:
1327 2122 1587 2164 quemadmodum
1617 2129 1645 2152 et
1674 2122 1864 2152 Themistias

1027 2175 1120 2209 atque
1136 2167 1318 2209 Simplicius
1334 2165 1501 2208 prudenter
1517 2165 1765 2207 interpretantur.
1802 2165 1863 2193 De-

1027 2211 1119 2252 nique
1150 2210 1307 2240 Plotinum
1338 2209 1413 2239 scito
1442 2219 1585 2245 annuere,
1616 2207 1691 2238 dum
1720 2206 1863 2249 quaedam

1027 2254 1202 2284 Aristotelis
1223 2252 1316 2283 verba
1338 2259 1482 2288 recenset,
1498 2251 1577 2281 hanc
1599 2251 1679 2281 illius
1702 2250 1740 2280 de
1762 2258 1863 2280 mente

1027 2297 1120 2327 fuisse
1143 2295 1341 2327 sententiam:
1369 2295 1420 2325 ubi
1443 2294 1473 2324 in
1495 2295 1583 2324 tertio
1605 2294 1641 2324 de
1655 2294 1771 2323 Anima
1794 2293 1863 2323 scri-

1027 2340 1083 2376 bit,
1101 2340 1295 2370 Intellectum
1317 2337 1484 2379 intelligere
1505 2348 1633 2377 semper,
1650 2344 1680 2366 et
1695 2336 1864 2377 intelligen-

1029 2383 1101 2413 tiam
1118 2383 1184 2424 ejus
1204 2394 1266 2412 esse
1287 2381 1498 2417 substantiam,
1514 2391 1646 2421 vereque
1662 2379 1861 2409 immortalem

1030 2426 1167 2456 existere.
1215 2426 1285 2455 Non
1303 2424 1381 2454 enim
1405 2423 1481 2454 adeo
1496 2434 1567 2453 vera
1588 2430 1632 2453 cst
1652 2422 1683 2452 in
1698 2422 1863 2452 virtutibus

1030 2469 1223 2499 inferioribus
1234 2467 1457 2498 immortalitas:
1476 2477 1545 2496 nam
1557 2466 1611 2496 etsi
1624 2477 1694 2507 quae
1707 2471 1863 2507 perpetua·

1030 2519 1111 2549 sunt,
1129 2519 1229 2542 tamen
1246 2517 1405 2541 versantur
1420 2509 1450 2540 in
1466 2516 1560 2539 motu.
1596 2508 1686 2546 Quod
1702 2516 1804 2538 autem
1820 2518 1864 2536 rc-

1030 2555 1145 2585 minisci
1168 2566 1233 2591 nos,
1250 2553 1281 2584 id
1296 2560 1351 2589 est,
1373 2552 1550 2583 rationalem
1571 2552 1633 2582 vim
1656 2559 1724 2593 post
1746 2550 1862 2581 obitum

1030 2604 1132 2639 negat,
1150 2597 1290 2628 Plotinus
1305 2596 1377 2626 alibi
1393 2595 1554 2636 diligenter
1569 2593 1763 2625 examinabit.
1804 2593 1864 2622 De-

1031 2641 1124 2682 nique
1139 2647 1302 2677 memento,
1320 2639 1495 2676 Avermem,
1512 2638 1567 2668 etsi
1583 2649 1643 2668 non
1659 2636 1750 2673 idem,
1764 2643 1863 2665 tamen
