2201 2990
570 133 634 173 IN
663 132 772 172 LIB.
795 132 874 171 III.
905 131 1161 170 ENNEAD.
1191 131 1487 171 SECUNDAE.

197 235 304 276 nisque
331 232 473 264 similiter.
521 231 623 271 Atque
651 229 760 260 horum
785 228 877 259 trium
908 227 1027 258 diversa

196 278 274 308 inter
289 288 319 307 se
334 274 528 318 proportione
542 280 612 303 sunt
628 272 669 302 ibi
685 271 813 309 diversa,
829 270 1027 312 quemadmo-

196 320 270 351 dum
297 319 344 349 hic
367 329 403 348 ex
430 315 511 346 varia
535 315 640 345 caloris
665 314 863 354 humorisque
888 312 1026 343 mistione

196 362 305 404 passim
322 360 378 391 sub
393 358 456 390 caeli
473 357 564 388 radiis
581 357 662 387 varia
677 356 848 387 coalescunt
862 368 867 386 :
893 355 1026 402 siccitate

195 405 313 435 interim
335 409 427 443 atque
445 400 557 441 frigore
577 399 672 441 magis
695 399 833 429 minusve
848 399 949 428 forsan
972 409 1027 428 1111-

196 446 345 490 pediente,
364 444 409 474 vel
424 443 514 474 etium
530 443 697 484 adjuvante
720 441 868 472 nonnihil.
915 441 1026 471 Memi-

194 490 271 520 nisse
285 499 357 518 vcro
378 493 508 528 oportet,
523 486 653 516 calorem
676 485 898 525 humoremque
920 483 1024 514 caeles-

195 540 254 563 tem
270 542 333 561 esse
348 541 366 560 a
382 529 490 559 nostris
506 540 615 570 genere
632 528 721 569 longe
737 527 890 557 diversum
904 539 910 557 :
928 526 1027 558 multo

193 574 282 605 etiam
299 572 404 614 magis,
420 583 512 613 quam
528 572 575 601 vel
595 570 676 602 calor
695 570 841 601 naturalis
855 570 886 600 111
903 569 972 599 vivo
987 570 1026 601 ab

193 617 301 648 ardore
316 614 456 651 fornacis,
472 614 517 644 vel
539 614 578 644 ab
598 614 655 644 hac
674 613 740 655 ipsa
754 613 877 644 flamma
893 613 955 654 ipse
973 614 1026 644 So-

193 660 229 691 lis
245 668 330 701 tepor
345 658 375 688 in
390 657 500 699 amplo.
546 658 596 688 Ex
618 668 680 698 quo
696 663 796 687 tamen
813 656 843 686 in
859 667 1026 686 concavum

193 702 379 745 quandoque
401 708 504 731 coacto
524 700 554 730 in
575 699 701 730 materia
716 699 804 735 dura,
822 699 851 729 111
869 699 1026 729 materiam

193 746 300 776 siccam
316 744 437 774 flamma
451 754 575 785 prorsus
589 742 775 773 accenditur.
813 742 958 784 Denique
971 742 1027 773 hu-

194 800 259 819 mor
273 795 318 818 cst
332 787 362 817 111
378 786 548 817 caelestibus
564 797 624 816 non
636 785 794 822 distillans,
806 785 886 815 calor
901 797 1026 827 quoque

193 842 252 862 non
269 830 357 861 edax.
404 830 529 859 Humor
543 829 582 859 ab
598 829 726 859 humore
741 828 822 859 a‘erio
843 828 946 859 saltem
962 836 1027 859 tan-

193 882 258 905 tum
275 873 427 910 differens,
444 879 594 914 quantum
617 871 717 902 aerius
737 871 849 902 humor
864 871 903 902 ab
917 883 1026 913 aqueO.

192 917 319 948 Temere
334 915 428 957 igitur
448 915 477 945 in
500 914 574 945 eaelo
589 914 716 956 fingitur
732 914 830 955 frigus
851 921 881 945 et
902 914 1025 951 siceum,

192 959 254 990 sive
276 959 353 989 dura
377 957 521 988 soliditas.
566 957 688 999 Quippe
711 969 780 988 cum
806 957 881 987 dum
907 969 925 987 a
948 965 1028 988 terra

192 1013 311 1033 sursum
342 1001 526 1037 ascenditur,
558 1000 674 1031 siccitas
700 1000 849 1042 fugiatur,
873 1008 903 1031 et
930 1000 1028 1042 frigus

191 1045 349 1086 omnisque
364 1044 497 1074 duritia:
521 1055 555 1074 ac
575 1044 771 1085 perveniatur
786 1055 857 1073 mox
873 1043 903 1073 in
920 1043 1028 1074 humo-

192 1099 255 1119 rem
272 1095 301 1118 ct
323 1087 489 1124 lenitatem,
506 1086 658 1128 simulque
679 1087 708 1116 in
729 1086 900 1128 auspicium
923 1086 1026 1117 blandi

192 1130 298 1162 caloris
309 1142 346 1161 ex
363 1130 486 1160 lumine.
521 1129 684 1171 Frigidum
701 1129 795 1171 igitur
809 1138 902 1171 atquc
915 1129 1026 1160 siccum

193 1173 281 1204 simul
297 1181 327 1204 et
342 1174 453 1204 durum
470 1184 507 1202 ex
523 1172 654 1203 naturali
670 1180 699 1203 et
716 1180 851 1203 extrema
863 1172 901 1202 ad
917 1173 1026 1203 caelum

192 1216 336 1248 distantia
358 1215 508 1258 provenit,
528 1223 558 1245 et
582 1215 706 1252 interea,
730 1227 800 1257 quae
821 1215 921 1246 media
944 1222 1026 1254 sunt,

192 1259 230 1290 ad
249 1259 313 1290 caeli
332 1258 559 1289 similitudinem
584 1258 710 1289 humida
733 1266 804 1289 sunt
826 1266 919 1300 atque
935 1259 1028 1289 tralu-

192 1302 270 1333 cida.
285 1302 435 1343 facileque
450 1301 582 1332 mobilia.
630 1302 666 1331 In
683 1301 757 1331 caelo
772 1309 874 1331 autem
897 1301 1028 1332 maxime

192 1345 295 1376 mobili
320 1344 393 1375 nihil
419 1352 464 1375 est
492 1344 614 1385 frigoris
637 1352 730 1385 atque
756 1344 835 1381 sicci,
858 1344 931 1374 nihil
956 1344 1025 1375 duri

191 1395 308 1418 motum
335 1387 537 1429 impedientis,
567 1393 597 1417 et
627 1386 740 1417 lumen.
787 1387 817 1417 Si
848 1387 923 1428 quid
953 1399 1026 1429 ergo

191 1431 264 1471 fingi
275 1430 333 1461 sub
348 1430 423 1461 caelo
438 1437 537 1472 potest
553 1429 648 1460 simile
664 1430 841 1460 substantiae
856 1429 932 1466 cali,
950 1438 1026 1460 trac-

192 1473 282 1504 tabile
302 1473 444 1504 manibus
463 1472 620 1514 oculisque
638 1472 848 1514 conspicuum,
866 1473 896 1503 id
919 1484 1026 1514 argen-

191 1524 256 1547 tum
282 1516 385 1546 vivum
408 1528 470 1546 csse
492 1515 632 1546 videtur:
656 1515 687 1545 in
708 1527 770 1557 quo
793 1515 874 1546 calor
898 1524 1025 1557 vegetus

189 1570 259 1590 cum
282 1558 410 1589 humore
431 1558 527 1589 multo
549 1558 686 1600 quidem,
707 1558 759 1588 sed
783 1558 879 1588 tenaci
904 1567 1023 1589 motum

191 1609 329 1644 procreat
351 1601 531 1643 inquietum.
578 1601 610 1631 Si
634 1613 755 1631 rursum
782 1601 970 1632 subtiliorem
994 1609 1025 1633 ct

190 1644 369 1675 tralucidam
387 1644 457 1675 huic
472 1644 648 1675 adhibueris
660 1644 855 1686 lucidamque
870 1652 1022 1683 naturam,

190 1687 314 1719 habebis
330 1695 359 1718 et
379 1687 498 1718 caelum.
544 1687 634 1725 Quod
658 1687 783 1729 quidem
804 1699 864 1717 non
885 1700 948 1718 esse
968 1687 1025 1718 du-

190 1742 257 1761 rum
273 1742 310 1761 ex
327 1742 362 1761 eo
381 1730 552 1761 confirmari
568 1730 700 1767 videtur,
717 1730 801 1772 quod
824 1730 903 1761 inter
921 1731 1025 1773 physi-

190 1785 239 1804 cos
254 1781 284 1804 et
299 1781 486 1804 astronomos
502 1773 531 1803 in
555 1785 590 1803 eo
613 1773 758 1804 duritiam
777 1781 954 1811 asserentes,
971 1774 1023 1804 ubi

191 1815 229 1846 de
243 1816 371 1853 circulis,
387 1817 507 1854 centris,
521 1816 683 1853 distantiis,
702 1816 835 1847 motibus
850 1817 1022 1858 disputant,

192 1858 350 1901 multiplex
363 1866 392 1889 et
402 1859 569 1890 insolubilis
581 1859 678 1890 oritur
689 1859 902 1890 controversia.
939 1860 1023 1902 Phy-

192 1901 242 1931 sici
266 1901 389 1943 quidem
415 1909 602 1933 astronomos
623 1902 834 1939 criminantur,
855 1903 940 1944 quod
964 1903 1021 1933 im-

192 1943 345 1985 possibilia
361 1944 476 1986 fingant
489 1957 494 1975 :
519 1945 683 1975 astronomi
704 1945 857 1987 physicos,
872 1945 956 1988 quod
972 1958 1021 1976 ra-

193 1987 288 2017 tiones
313 1986 350 2017 de
373 1987 419 2017 his
442 1995 594 2029 nequeant
619 1988 780 2030 assignare.
827 1988 923 2019 Mitto
947 2001 1022 2031 quo-

192 2029 283 2060 modo
304 2029 454 2072 Theologi
479 2042 605 2072 corpora
626 2031 757 2072 gloriosa
775 2031 855 2062 caelis
878 2031 1022 2070 inserant,

192 2072 248 2102 nisi
263 2072 412 2103 cesserint.
458 2073 553 2104 Mitto
568 2073 706 2104 vehicula
720 2075 804 2116 apud
821 2082 937 2105 veteres
957 2075 1020 2105 ani-

192 2126 320 2145 marum.
368 2115 555 2147 Felicitatem
579 2128 651 2147 vero
674 2117 801 2147 cedendi
825 2118 927 2149 subito
952 2130 1022 2149 con-

187 2159 327 2198 junctam
350 2158 461 2195 reditu,
486 2159 537 2189 ubi
563 2159 646 2190 nulla
666 2160 812 2190 naturalis
833 2161 1021 2198 substantiae,

193 2200 238 2230 vcl
254 2200 420 2242 qualitatis,
437 2200 482 2230 vel
499 2201 611 2232 ordinis
627 2202 697 2232 inde
713 2203 903 2244 perturbatio
923 2204 1022 2246 sequi-

192 2250 254 2280 tur,
277 2244 384 2273 malam
409 2243 560 2284 appellare
579 2255 640 2274 non
662 2244 758 2276 decet.
806 2246 865 2276 Sed
888 2247 927 2277 ad
950 2247 1023 2277 alias

191 2286 356 2316 caelestium
380 2286 540 2327 qualitates
558 2287 621 2328 jam
643 2287 812 2319 redeamus.
857 2289 925 2320 Etsi
948 2290 1022 2320 nihil

191 2336 236 2360 est
252 2329 292 2359 ibi
310 2328 456 2369 frigidum
479 2336 532 2359 ant
554 2329 677 2367 siccum,
693 2330 808 2361 stellam
824 2337 936 2370 tamen,
953 2344 1023 2374 quae

192 2371 328 2402 calefacit
351 2371 461 2408 minus,
479 2371 619 2413 frigidam
640 2372 847 2414 appellamus:
873 2374 973 2405 forsan
993 2382 1023 2406 et

191 2414 275 2456 quia,
299 2414 373 2444 dum
394 2414 445 2444 illa
463 2422 580 2444 meatus
603 2422 720 2445 nostros
742 2416 833 2446 radiis
849 2417 1023 2458 tepentibus

190 2457 299 2500 aperit,
316 2456 433 2487 facilins
449 2457 618 2497 ingreditur
633 2465 751 2488 terrena
767 2458 926 2499 frigiditas.
961 2461 1022 2491 Sic-

190 2511 256 2530 cam
272 2511 397 2542 quoque
420 2499 546 2535 stellam,
563 2511 633 2541 quae
648 2499 813 2531 humefacit
830 2501 940 2540 minus,
955 2514 1022 2544 pos--

192 2554 297 2573 sumus
310 2554 487 2584 nuncupare
500 2555 506 2572 :
524 2542 601 2573 forte
613 2550 643 2573 et
658 2542 801 2583 quoniam
818 2543 1022 2577 humectando

191 2597 310 2627 parum,
328 2598 408 2627 saepc
424 2585 571 2627 pabulum
594 2585 730 2627 suggerit
745 2586 819 2627 igni,
841 2586 911 2617 inde
930 2596 1023 2619 mate-

191 2628 265 2658 riam
295 2628 461 2659 ferventius
491 2628 649 2658 siccaturo.
702 2627 893 2660 Calefaciunt
921 2638 1023 2661 autem

191 2682 295 2702 omnes
311 2671 426 2713 ubique
438 2671 544 2709 stella»,
555 2682 614 2701 non
629 2677 714 2701 motu
725 2678 856 2709 tantum,
870 2672 920 2703 sed
933 2673 1023 2705 ctiam

1829 148 1906 187 215

1071 227 1136 269 ipsa
1165 235 1285 264 natura,
1313 234 1423 257 natura
1453 228 1607 270 principue
1636 229 1769 260 luminis.
1814 234 1904 270 Quod

1070 270 1180 311 probat
1195 277 1225 300 et
1237 269 1398 300 Avicenna
1409 269 1511 300 dicens
1526 283 1531 300 :
1558 271 1622 301 Ubi
1634 271 1704 312 plus
1716 281 1760 303 est
1773 273 1905 314 luminis,

1069 313 1159 343 ctiam
1175 312 1245 354 plus
1260 323 1324 342 esse
1346 312 1463 342 caloris.
1510 313 1592 343 IIinc
1618 314 1823 355 Hippocrates
1843 319 1902 349 ait:

1069 357 1186 386 Aerem
1203 362 1388 385 nocturnum
1411 355 1565 385 stellarum
1589 356 1756 387 luminibus
1771 359 1907 391 subtilio-

1071 409 1134 428 rem
1150 397 1214 428 fieri
1233 407 1263 428 et
1285 397 1417 428 calidum
1438 398 1641 440 aliquantum,
1657 400 1907 443 generationique

1070 448 1100 471 et
1121 440 1192 471 vitae
1211 440 1486 472 accommodatum.
1532 442 1714 472 Aristoteles
1735 443 1838 481 etiam,
1855 445 1907 475 ubi

1070 484 1108 514 de
1134 483 1275 525 partibus
1303 484 1480 514 animalium
1507 484 1640 522 dubitat,
1663 485 1724 515 ait:
1751 493 1853 517 noctes
1877 487 1906 518 in

1071 526 1239 568 plenilunio
1254 539 1318 558 esse
1339 526 1497 558 calidiores
1520 535 1645 569 propter
1667 529 1767 558 Lunae
1791 528 1905 560 lumen.

1072 570 1165 600 Luna
1189 569 1315 611 quidem
1339 569 1462 600 minime
1484 570 1582 601 calida
1604 579 1658 608 est,
1678 571 1806 602 humida
1828 573 1905 603 mul-

1071 620 1148 643 tum.
1194 613 1272 650 Quae
1290 613 1313 643 si
1336 613 1405 644 ideo
1419 613 1570 644 duntaxat
1586 613 1706 645 dicatur
1722 626 1780 645 non
1797 615 1906 646 calefa-

1071 667 1149 693 cere,
1169 656 1242 697 quia
1258 656 1385 694 tardius,
1401 668 1494 698 quam
1518 656 1580 693 Sol,
1598 664 1767 695 moveatur,
1784 658 1908 689 deberet

1070 699 1171 729 forsan
1197 699 1370 730 tarditatem
1396 706 1497 729 motus
1519 711 1588 730 cum
1618 700 1846 742 propinquitate
1869 702 1907 732 ad

1071 753 1125 772 nos
1141 742 1370 783 quodammodo
1384 754 1590 784 compensare,
1608 743 1738 784 ideoque
1757 744 1905 785 quodam-

1070 784 1162 815 modo
1178 785 1258 816 sicut
1274 785 1337 823 Sol,
1354 785 1518 816 calefacere
1534 793 1631 817 motu.
1679 787 1758 817 Item
1775 787 1798 817 si
1814 788 1908 818 stella:

1070 828 1150 866 fixae,
1167 828 1307 870 quamvis
1328 828 1513 859 velocissime
1532 836 1725 867 moveantur,
1742 837 1841 860 tamen
1864 831 1908 861 di-

1070 878 1179 901 cantur
1206 883 1266 901 non
1291 871 1455 902 calefacere
1478 880 1574 909 motu,
1595 872 1668 914 quia
1694 873 1826 903 maxime
1848 874 1908 905 dis-

1071 921 1146 950 tent,
1168 914 1314 945 deberent
1336 915 1437 945 forsan
1460 914 1634 946 distantiam
1655 927 1724 946 cum
1749 925 1834 946 motu
1860 929 1906 947 ee-

1071 957 1193 987 ]errimo
1204 969 1409 999 compensare,
1421 964 1450 988 et
1462 957 1574 988 idcirco
1586 958 1722 988 similiter
1733 959 1907 991 calefacere.

1073 1001 1186 1030 Verum
1204 1000 1227 1030 si
1244 1008 1345 1031 motus
1361 1001 1425 1043 ipse
1441 1000 1616 1043 simpliciter
1630 1013 1721 1032 causa
1737 1002 1774 1033 sit
1789 1002 1906 1041 caloris,

1071 1054 1126 1074 nec
1142 1050 1243 1074 motus
1266 1043 1346 1074 ullus
1366 1044 1496 1074 calorem
1517 1044 1676 1085 extinguet
1693 1052 1723 1075 et
1742 1045 1907 1084 flammam,

1071 1098 1105 1116 ac
1121 1086 1226 1116 saltem
1243 1086 1375 1117 velocior
1393 1086 1516 1128 quidem
1534 1087 1777 1126 vehementioris,
1794 1089 1909 1120 tardior

1072 1141 1141 1159 vere
1159 1129 1313 1171 tepidioris
1328 1130 1385 1160 erit
1400 1130 1496 1171 origo.
1536 1131 1674 1161 Rursum
1692 1130 1714 1161 si
1732 1142 1791 1162 non
1807 1139 1909 1162 motus

1071 1172 1135 1214 ipse
1151 1172 1327 1214 simpliciter
1345 1173 1474 1203 calorem
1497 1173 1608 1215 gignit,
1628 1173 1678 1204 sed
1700 1182 1782 1204 certa
1799 1175 1907 1206 veloci-

1072 1222 1127 1252 tas,
1145 1215 1244 1257 primo
1266 1215 1391 1257 quidem
1415 1228 1446 1246 re
1465 1227 1536 1246 vera
1560 1227 1620 1246 non
1645 1216 1744 1255 video,
1759 1217 1906 1258 quidnam

1071 1257 1215 1289 distantia
1230 1258 1328 1289 valeat
1345 1258 1391 1288 vel
1411 1258 1634 1300 propinquitas,
1651 1259 1820 1290 dummodo
1843 1272 1906 1291 mo-

1072 1308 1121 1331 tus
1136 1301 1201 1343 ipse
1221 1301 1259 1331 sit
1274 1301 1382 1332 velox:
1409 1301 1519 1331 deinde
1541 1301 1588 1332 hic
1610 1301 1681 1332 satis
1696 1309 1779 1343 patet
1800 1303 1908 1334 caloris

1070 1344 1211 1374 effectum
1235 1344 1265 1374 in
1283 1344 1385 1381 aliam,
1402 1352 1513 1386 praeter
1536 1352 1665 1380 motum,
1688 1357 1810 1376 cansam
1831 1347 1908 1377 refe-

1070 1386 1215 1417 rendum:
1241 1394 1271 1417 et
1292 1387 1411 1424 merito,
1428 1387 1572 1429 quoniam
1595 1395 1696 1418 motus
1719 1388 1781 1419 sive
1804 1389 1841 1419 sit
1857 1401 1909 1420 vo-

1071 1428 1206 1467 luntatis,
1223 1429 1318 1472 exigit
1337 1438 1408 1461 ante
1431 1442 1461 1460 se
1480 1430 1704 1471 imaginationis
1719 1431 1848 1462 formam
1864 1441 1908 1464 at-

1069 1484 1129 1513 que
1150 1480 1288 1503 naturae:
1314 1473 1376 1504 sive
1400 1473 1437 1504 sit
1458 1471 1604 1504 naturalis
1627 1473 1839 1513 inclinationis,
1856 1487 1908 1506 na,

1070 1522 1146 1545 turae
1169 1515 1298 1546 formam
1329 1516 1423 1558 exigit
1453 1516 1687 1558 prmcedentem.
1733 1518 1803 1547 Non
1834 1530 1908 1560 ergo

1068 1566 1170 1589 motus
1185 1559 1249 1601 ipse
1264 1558 1394 1589 calorem
1410 1559 1538 1590 aliamve
1553 1566 1678 1601 generat
1687 1560 1834 1591 formam:
1853 1562 1906 1592 sed

1068 1601 1167 1632 forma
1196 1602 1383 1644 quandoque
1413 1614 1468 1645 per
1498 1610 1626 1640 motum,
1652 1602 1781 1645 talisque
1808 1604 1907 1635 forma

1069 1644 1158 1675 talem
1171 1657 1178 1675 ε
1202 1645 1342 1686 quamvis
1358 1645 1457 1676 forma
1473 1646 1556 1688 prior
1572 1646 1609 1676 sit
1625 1653 1734 1676 natura
1754 1654 1904 1688 praestan-

1069 1687 1136 1718 tior.
1183 1688 1328 1729 Denique
1343 1688 1484 1730 quisnam
1506 1696 1617 1719 asserat
1634 1688 1758 1719 localem
1776 1697 1905 1728 motum,

1068 1730 1121 1772 qui
1134 1738 1164 1761 et
1179 1731 1261 1761 omni
1275 1731 1374 1762 forma
1389 1731 1521 1762 deterior
1536 1739 1591 1769 est,
1607 1740 1700 1773 atque
1714 1732 1845 1774 pertinet
1866 1733 1906 1764 ad

1068 1781 1204 1812 externa,
1234 1782 1341 1816 suapte
1370 1782 1481 1805 natura
1506 1786 1650 1816 generare
1680 1775 1810 1806 calorem
1836 1788 1906 1818 pro-

1068 1817 1148 1847 fecto
1163 1817 1210 1847 vel
1231 1817 1347 1848 excutit
1368 1817 1496 1848 calorem
1521 1830 1601 1860 szepe
1624 1818 1779 1856 latentem,
1797 1819 1843 1849 vel
1867 1831 1905 1850 ex

1066 1859 1213 1890 durorum
1231 1860 1384 1891 collisione
1403 1872 1566 1902 corporum
1591 1861 1724 1892 medium
1741 1862 1905 1904 confringit

1066 1908 1178 1940 aerem,
1206 1902 1367 1945 solumque
1392 1904 1551 1934 rarefaeit:
1577 1904 1617 1934 sic
1641 1912 1825 1935 extenuatus
1852 1910 1905 1935 aer

1066 1945 1104 1976 ad
1121 1953 1344 1988 competentem
1360 1947 1438 1988 ignis
1453 1947 1668 1985 conditionem,
1681 1947 1720 1977 ab
1735 1947 1804 1978 idea
1819 1948 1905 1978 semi-

1066 1988 1189 2030 nalique
1204 1989 1283 2031 ignis
1303 1990 1429 2028 ratione,
1445 1990 1531 2031 quasi
1548 1990 1653 2020 fomite
1674 1990 1804 2021 formam
1826 1991 1905 2032 ignis

1066 2031 1214 2062 induitur.
1260 2033 1352 2063 Luna
1379 2033 1474 2075 igitur
1504 2033 1640 2064 calefacit
1669 2033 1781 2072 minus,
1810 2045 1904 2075 quam

1068 2074 1130 2112 Sol,
1147 2075 1220 2116 quia
1235 2075 1333 2106 calida
1348 2076 1459 2106 minus.
1499 2077 1678 2118 Superiores
1693 2076 1788 2107 stellae
1804 2077 1904 2107 minus

1066 2129 1201 2159 quoque,
1225 2130 1318 2159 quam
1344 2119 1407 2156 Sol,
1431 2119 1504 2160 quia
1526 2119 1570 2149 vel
1596 2119 1703 2150 calidae
1726 2120 1838 2156 minus,
1855 2119 1902 2150 ve]

1066 2162 1197 2191 minores
1219 2161 1298 2198 Sole,
1316 2161 1362 2192 vel
1383 2162 1473 2204 longe
1496 2162 1699 2199 distantiores,
1717 2163 1763 2192 vel
1780 2162 1858 2193 inter
1874 2174 1904 2193 se

1065 2203 1233 2234 admodum
1255 2212 1411 2246 separatae.
1458 2205 1587 2236 Videtur
1609 2213 1711 2235 autem
1729 2205 1780 2236 Sol
1796 2217 1902 2236 secun·

1066 2247 1140 2277 dum
1164 2247 1304 2278 accidens
1326 2248 1494 2278 exsiccare:
1519 2259 1579 2278 non
1599 2248 1672 2290 quia
1694 2248 1723 2278 in
1747 2260 1783 2279 eo
1804 2249 1841 2278 sit
1856 2248 1904 2279 vel

1066 2290 1143 2320 sicca
1158 2298 1278 2327 natura,
1295 2290 1343 2321 vel
1359 2290 1403 2321 vis
1419 2290 1478 2322 alia
1498 2291 1680 2328 desiccandi,
1697 2291 1832 2333 alioquin
1849 2303 1903 2322 nec

1066 2333 1168 2363 omnia
1190 2333 1369 2364 naturaliter
1393 2341 1530 2375 augeret,
1554 2334 1615 2364 imo
1638 2334 1717 2375 ignis
1738 2345 1822 2364 more
1846 2334 1901 2364 mi-

1067 2383 1184 2413 nueret,
1203 2376 1254 2406 sed
1276 2377 1421 2418 quoniam
1446 2377 1521 2407 radii
1547 2377 1624 2407 Solis
1640 2377 1685 2407 vel
1710 2377 1739 2407 in
1763 2377 1903 2408 concavis

1066 2418 1193 2449 nimium
1210 2419 1296 2450 duris
1311 2419 1439 2450 nimium
1456 2428 1660 2456 coarctentur,
1672 2420 1718 2450 vel
1734 2432 1771 2450 ex
1787 2420 1902 2450 directo

1065 2461 1269 2503 percutientes
1298 2462 1408 2493 fortius
1437 2464 1475 2494 ad
1503 2475 1556 2493 nos
1585 2463 1798 2493 reflectantur:
1829 2471 1901 2493 tunc

1065 2504 1143 2534 enim
1162 2505 1206 2535 vis
1221 2517 1276 2547 per
1291 2506 1441 2547 ejusmodi
1456 2506 1630 2536 violentiam
1646 2518 1726 2536 nova
1740 2505 1900 2546 contingit.

1066 2547 1200 2578 Omnino
1220 2560 1292 2579 vcro
1315 2549 1389 2590 quia
1410 2549 1487 2579 radii
1509 2557 1654 2590 tanquam
1679 2548 1900 2585 immateriales,

1066 2589 1268 2631 liquidissimi,
1284 2591 1483 2630 immaculati,
1500 2603 1600 2634 neque
1622 2591 1780 2633 colligunt,
1802 2601 1900 2631 neque

1066 2632 1264 2674 confringunt
1294 2634 1426 2676 proprie,
1451 2646 1550 2676 neque
1573 2634 1820 2673 confringuntur,
1848 2631 1900 2662 sed

1068 2675 1114 2706 vel
1137 2684 1374 2718 congregantur,
1391 2676 1439 2707 vel
1462 2689 1478 2707 e
1501 2677 1623 2719 regione
1647 2676 1827 2712 redduntur,
1847 2685 1900 2716 ap-
