2201 2990
303 141 646 184 ARGUMENT.
667 139 896 179 MARSIL.
918 138 1021 177 FIC.

214 242 287 273 Post
304 241 369 272 haec
384 239 521 282 sequitur
535 238 574 268 ad
590 237 671 268 idem
687 235 811 278 propria
826 234 939 265 Plotini
955 246 1002 265 re—

171 284 300 326 sponsio.
347 283 489 315 Profecto
503 287 619 322 quanta
641 279 678 310 sit
698 285 762 309 tota
780 277 823 308 rei
842 277 1000 314 dimensio,

171 335 244 358 tunc
267 327 355 369 plane
376 324 530 361 metimur,
547 322 671 365 quando
693 320 828 363 singulas
849 319 1001 362 gradatim

171 370 237 412 ejus
252 377 352 412 partes
367 366 569 410 perspicacius
586 365 751 395 intuemur.
799 364 879 394 Cum
896 362 1001 405 igitur,

171 413 223 443 ubi
239 411 344 454 procul
360 410 457 452 posita
472 420 519 439 res
534 416 588 445 est,
605 407 763 450 particulae
783 417 838 437 nos
860 405 1001 448 plurimae

170 455 292 492 lateant,
307 453 414 484 merito
430 451 522 482 totius
544 461 686 481 mensura
708 461 762 480 nos
783 449 875 491 fugit,
891 448 1002 479 minor-

170 509 230 539 que
246 496 376 527 videtur.
417 494 590 526 Praesertim
607 493 680 535 quia
694 493 845 523 luminosa
859 491 1002 534 qualitas,

170 546 277 582 utpote
288 551 359 580 qnae
375 546 405 569 et
420 537 566 568 efficacior
581 545 625 567 est
641 536 822 578 quantitate,
834 542 864 566 et
879 535 1003 577 propria

170 582 257 620 visui,
271 581 418 612 efficacius
432 580 566 623 priusve,
579 591 672 621 quam
684 578 839 621 quantitas
855 590 917 609 sese
932 590 1003 609 ocu-

170 625 205 656 lis
227 624 339 667 objicit.
387 623 492 661 Qualis
507 635 580 665 ergo
594 634 641 653 res
656 622 722 664 ipsa
742 622 790 658 sit,
806 621 905 663 primo
921 621 1003 652 vide-

171 679 256 698 mus:
282 674 397 709 quanta
416 678 498 703 vero,
515 665 659 703 secundo,
676 665 751 695 dum
773 664 913 695 videlicet
937 676 1002 706 per-

170 711 313 753 spicimus
328 709 516 752 qualitatem.
555 709 635 739 Cum
652 708 747 750 igitur
762 707 885 738 visualis
900 707 1003 738 radius

171 754 201 784 in
217 765 279 784 rem
299 765 316 784 a
335 752 421 783 nobis
443 752 567 789 effusus,
584 758 614 782 et
636 750 765 793 longiori
787 750 908 781 tandem
933 762 1002 793 pro-

169 796 321 837 gressione
336 795 521 831 debilitatus,
533 794 710 836 qualitatem
727 793 848 831 scilicet,
859 793 1001 831 colorem,

170 839 411 880 luminosamque
426 846 567 868 naturam
582 837 734 868 discernat
752 837 870 867 minus:
895 837 1003 867 merito

169 882 370 923 quantitatem
385 892 508 922 quoque
524 880 649 911 confuse
664 880 800 910 metitur.
844 881 916 910 Jam
933 892 1004 910 vero

169 924 253 966 quod
273 932 318 955 est
340 924 370 954 in
390 924 488 954 forma
511 922 700 954 substantiali
725 923 889 965 perfectius
911 930 1004 965 atque

168 967 384 1009 imperfectius,
401 966 431 997 id
447 966 477 996 in
493 966 672 997 accidentali
692 966 790 996 forma
809 966 956 997 intensius
972 973 1003 997 et

167 1010 329 1047 remissius,
343 1010 423 1040 idem
436 1009 466 1040 in
478 1009 649 1051 quantitate
664 1009 763 1051 majus
779 1016 872 1051 atque
888 1009 1000 1040 minus:

168 1053 198 1083 in
215 1061 300 1083 motu
316 1052 448 1083 velocius
468 1060 561 1094 atque
577 1052 711 1082 tardius:
737 1052 767 1082 in
784 1060 920 1094 tempore
935 1052 1002 1083 din-

168 1096 288 1126 turnius
304 1103 396 1138 atque
412 1095 545 1126 brevius.
582 1096 662 1126 Cum
679 1095 773 1137 igitur
789 1095 890 1137 ipsum
906 1096 1004 1137 majus

169 1139 331 1180 minusque
368 1138 527 1180 proprium
560 1138 739 1179 quantitatis
776 1139 1003 1180 proportionem

169 1182 325 1223 quandam
348 1181 458 1212 habeat
480 1192 550 1212 cum
569 1193 614 1218 eo,
632 1181 716 1223 quod
737 1188 780 1211 est
804 1181 951 1212 intensius
974 1189 1004 1212 et

170 1224 334 1261 remissius,
357 1224 523 1266 qualitatis,
546 1235 678 1265 cumque
704 1224 770 1265 ipsa
796 1224 950 1265 quantitas
974 1224 1004 1255 in

171 1267 287 1298 notitiae
303 1267 408 1298 ordine
422 1267 600 1308 qualitatem
617 1274 772 1308 sequatur,
790 1267 932 1297 nimirum
951 1267 1003 1297 ubi

171 1310 254 1340 visus
277 1310 334 1340 sub
356 1310 517 1340 remissiori
539 1309 639 1351 gradu
662 1310 791 1352 percipit
813 1310 1004 1351 qualitatem,

171 1353 290 1383 interim
319 1353 375 1383 sub
400 1352 508 1383 minori
532 1364 675 1383 mensura
700 1353 829 1395 percipit
852 1353 1002 1394 quantita-

171 1404 244 1427 tem.
292 1397 379 1426 Inter
400 1396 466 1426 haec
490 1396 672 1433 memineris,
695 1395 825 1426 colorem
848 1408 911 1426 esse
936 1408 1005 1438 pro-

171 1439 273 1481 prium
290 1439 371 1469 visus
386 1439 539 1480 objectum
552 1451 558 1469 ;
577 1450 680 1469 vocem
694 1438 830 1469 similiter
845 1439 1003 1481 proprium

171 1481 295 1512 auditus
320 1482 492 1523 objectum:
523 1481 595 1512 item
622 1481 843 1512 vehementiam
871 1490 1004 1524 potesta-

172 1532 295 1566 temque
317 1525 424 1555 coloris
446 1524 485 1554 ad
501 1524 599 1555 visum
622 1525 745 1566 proprie
767 1525 936 1566 pertinere:
962 1525 1003 1555 vi-

170 1578 275 1608 gorem
291 1579 416 1609 quoque
431 1567 512 1598 vocis
529 1567 664 1598 similiter
679 1567 717 1597 ad
733 1567 873 1598 auditum
887 1580 893 1598 ι
919 1579 1003 1609 mag-

171 1610 342 1641 nitudinem
356 1622 427 1641 vero
439 1610 580 1652 pluribus
592 1610 705 1652 percipi
718 1610 865 1647 sensibus,
876 1622 1004 1653 eamque

171 1664 234 1684 esse
249 1665 309 1683 non
322 1661 382 1683 tam
396 1653 491 1695 ipsam
508 1653 549 1683 rei
567 1653 713 1683 sensibilis
728 1653 900 1691 efficaciam,
911 1666 1003 1695 quam

171 1696 307 1738 ejusdem
323 1696 517 1726 diffusionem
535 1696 690 1737 quandam
706 1708 760 1738 per
775 1696 1003 1727 multitudinem

171 1747 263 1780 atque
286 1739 405 1770 locum:
433 1746 464 1770 et
486 1739 563 1769 hanc
587 1750 647 1769 non
670 1739 769 1781 primo
791 1739 928 1781 quidem,
952 1741 1004 1771 sed

173 1793 226 1823 per
240 1782 335 1824 ipsam
352 1782 438 1813 nobis
453 1782 630 1824 qualitatem
646 1789 676 1812 et
691 1782 853 1813 efficaciam
870 1783 1002 1814 innotes-

172 1836 248 1855 cere.
293 1826 362 1862 Quo
376 1825 422 1861 fit,
440 1833 484 1862 ut,
502 1825 554 1855 ubi
573 1824 674 1856 minus
696 1833 779 1867 patet
802 1825 943 1867 qualitas,
960 1826 1004 1856 in-

173 1867 259 1897 terim
275 1867 428 1909 quantitas
443 1867 608 1898 delitescat.
655 1868 772 1899 Tribus
791 1876 892 1899 autem
910 1869 1002 1911 potis-

173 1909 282 1940 simum
305 1910 369 1940 haec
390 1910 507 1941 indiciis
528 1911 755 1942 confirmantur.
802 1912 941 1942 Primum
960 1920 1005 1943 est

173 1952 333 1993 ejusmodi:
353 1953 383 1983 Si
396 1953 485 1983 colles
496 1954 647 1984 variarum
663 1965 764 1984 rerum
780 1954 885 1985 formis
900 1955 1004 1997 plenos

173 1995 349 2036 inspexeriS,
361 2007 410 2026 eas
425 1996 465 2026 ibi
482 1996 593 2027 formas
607 1996 697 2039 plane
711 1997 908 2039 conspicienS‚
920 2010 1005 2040 mag-

175 2037 343 2068 nitudinem
359 2038 489 2080 regionis
506 2039 600 2080 ipsius
620 2039 731 2070 rectius
752 2041 893 2077 metieris,
910 2053 1003 2082 quam

175 2080 197 2109 si
221 2080 333 2110 formas
358 2081 506 2121 ejusmodi
530 2093 721 2123 nequaquam
744 2083 898 2121 intuearis,
916 2085 1002 2125 quasi

175 2134 228 2163 per
244 2122 356 2153 formas
371 2131 472 2164 pateat
486 2125 674 2166 magnitudo.
719 2126 913 2157 Secundum:
940 2128 970 2157 T
973 2139 1002 2158 a-

174 2165 277 2195 bulam
294 2165 392 2207 aspice
408 2177 503 2208 prope
516 2167 643 2208 positam
658 2168 746 2199 variis
757 2169 864 2210 figuris
878 2170 1002 2212 impres-

175 2220 248 2242 sam,
262 2208 317 2238 nisi
334 2209 445 2249 figuras
460 2209 625 2250 inspexeris
639 2210 803 2252 sigillatim,
814 2223 873 2243 non
887 2220 1001 2244 tantam

169 2250 323 2292 judicabis
340 2251 451 2281 tabulae
467 2252 718 2293 magnitudinem,
731 2262 888 2295 quantam,
902 2256 925 2285 si
937 2268 1003 2298 per-

174 2293 276 2335 spicue
299 2305 403 2323 omnes
425 2294 575 2335 sigillatim
594 2296 784 2336 conspexeris
805 2305 897 2339 atque
920 2310 1002 2329 sum-

176 2336 291 2366 matim.
339 2336 481 2366 Tertium
496 2349 501 2367 1
529 2337 559 2367 Si
574 2337 602 2367 in
619 2338 764 2379 parietem
781 2340 869 2370 viridi
884 2347 1002 2372 tantum

175 2379 274 2409 colore
296 2378 450 2420 depictum
473 2379 566 2410 aciem
583 2381 718 2417 verteris,
740 2393 800 2412 non
824 2389 926 2414 tantus
949 2384 1002 2415 tibi

174 2422 272 2463 paries
298 2421 346 2452 hic
372 2429 518 2459 occurret,
542 2430 675 2463 quantus
702 2423 724 2453 si
749 2424 889 2466 pluribus
912 2426 1004 2458 fuerit

174 2464 326 2495 coloribus
341 2464 511 2505 insignitus.
534 2464 591 2494 Vix
605 2465 683 2495 enim
696 2465 890 2497 dimensionis
905 2476 1004 2510 partes

177 2507 253 2538 inter
269 2519 299 2537 se
315 2507 484 2537 discernere
507 2514 603 2549 potes,
620 2507 672 2538 ubi
694 2508 860 2540 formarum
878 2511 1005 2542 varietas

177 2561 235 2580 non
259 2550 430 2591 distinguit,
447 2549 498 2580 sed
514 2562 531 2580 a
546 2549 681 2591 qualibet
704 2550 898 2583 dimensionis
920 2562 1005 2595 parte

177 2600 299 2634 repente
315 2592 491 2634 prolaberis,
505 2593 558 2622 nisi
572 2592 741 2623 differentia
753 2594 906 2635 qualitatis
922 2596 1005 2628 sistat

176 2635 330 2666 intuitum.
378 2636 436 2665 Per
452 2635 517 2666 liaec
540 2635 714 2676 responderi
732 2644 830 2678 potest
846 2639 1004 2679 quaestioni

1043 137 1107 176 IN
1129 136 1237 175 LIB.
1259 136 1380 175 VIII.
1411 136 1665 177 ENNEAD.
1689 138 1743 177 II.
1800 153 1874 190 341

1047 232 1201 269 secundae,
1217 243 1310 273 quam
1326 231 1467 262 videlicet
1482 232 1522 262 ob
1537 244 1657 263 causam
1674 234 1801 265 aedificia
1816 236 1879 266 duo

1047 276 1076 306 in
1100 275 1241 317 opposito
1265 273 1341 305 colle
1365 274 1515 316 nobisque
1538 275 1737 306 remotissimo
1760 277 1825 315 sita,
1849 286 1879 309 et

1046 318 1125 349 inter
1140 330 1170 348 se
1186 317 1330 348 distantia
1353 316 1462 354 stadio,
1479 317 1591 348 distare
1606 317 1696 348 etiam
1712 318 1811 349 miuus
1826 332 1879 361 ap-

1046 368 1183 403 pareant.
1229 361 1308 391 Item
1330 359 1414 402 quod
1435 360 1458 390 si
1482 368 1604 391 centum
1627 372 1645 390 a
1668 360 1754 391 nobis
1778 363 1880 393 stadiis

1045 413 1183 446 separata
1207 403 1277 440 sint,
1301 403 1431 434 breviori
1455 403 1544 434 etiam
1570 403 1728 434 intervallo
1753 415 1770 434 a
1794 405 1879 434 nobis

1045 447 1208 478 videantur
1223 447 1335 477 abesse.
1364 446 1428 477 Ubi
1444 446 1523 477 enim
1541 446 1697 477 confusius
1711 446 1879 477 formarum

1045 490 1197 521 cernimus
1220 489 1409 526 varietatem,
1435 489 1578 520 nimirum
1602 500 1656 520 nec
1679 490 1880 531 quantitatem

1045 533 1195 564 intervalli
1211 532 1419 564 discernimus,

1048 621 1125 652 Quod
1147 631 1197 648 ηοη
1217 625 1328 657 propter
1342 621 1455 647 minores
1476 620 1589 653 angulos
1609 621 1752 647 videantur
1766 621 1880 651 minora,

1313 670 1369 697 (μα’
1384 661 1526 687 remotiora
1541 664 1611 687 snut.

1090 710 1137 739 II.
1163 709 1200 739 In
1217 708 1351 750 capitulo
1367 706 1501 738 secundo
1516 707 1554 737 ad
1572 707 1636 737 haec
1656 706 1881 749 responsionem

1045 752 1178 789 illorum,
1195 752 1248 793 qui
1265 758 1376 793 putant
1398 751 1437 781 ab
1458 750 1578 792 objecto
1593 750 1702 780 visibili
1718 761 1773 792 per
1789 749 1881 780 lineas

1046 795 1200 825 radiorum
1219 793 1439 837 pyramidalem
1456 793 1494 823 ad
1506 792 1628 823 oculum
1648 792 1788 835 protendi
1804 793 1882 835 figu-

1047 849 1121 875 ram,
1150 846 1180 869 et
1206 849 1283 868 cono
1308 836 1442 879 quodam
1470 836 1618 878 pupillam
1647 836 1816 877 attingere:
1852 844 1882 866 et

1047 888 1163 923 quanto
1186 881 1331 911 remotius
1357 887 1400 910 est
1427 879 1593 920 objectum,
1620 886 1705 910 tanto
1729 879 1881 921 gradatim

1047 924 1212 955 acutiorem
1235 923 1311 954 effici
1334 934 1455 958 conum,
1475 922 1624 953 confutat.
1672 923 1783 964 Itaque
1806 922 1881 952 dum

1047 967 1177 998 breviori
1192 966 1341 1009 paulatim
1364 966 1477 1007 angulo
1499 976 1560 996 rem
1584 965 1794 1007 perspicimus,
1811 965 1880 996 bre-

1047 1010 1161 1041 viorem
1184 1021 1309 1051 quoque
1332 1008 1573 1050 magnitudinem
1591 1009 1777 1050 conjectare:
1802 1019 1882 1050 prae-

1046 1053 1135 1095 cipue
1150 1053 1276 1095 quando
1292 1064 1426 1093 eousque
1441 1063 1615 1093 processum
1632 1058 1687 1087 est,
1702 1059 1736 1082 ut
1751 1051 1883 1092 angulus

1043 1097 1107 1138 jam
1124 1096 1241 1138 pupilla
1257 1096 1294 1126 sit
1310 1095 1418 1125 minor.
1448 1094 1529 1132 Quid
1547 1094 1584 1124 ad
1601 1102 1710 1125 caetera
1726 1094 1764 1125 sit
1780 1094 1882 1124 dicen-

1048 1139 1134 1177 dum,
1152 1150 1212 1169 una
1234 1150 1303 1169 cum
1320 1138 1443 1169 Plotino
1465 1137 1536 1168 alibi
1560 1137 1795 1179 disputabimus.
1844 1138 1881 1167 In

1048 1183 1210 1224 praesentia
1232 1193 1304 1212 vero
1330 1180 1521 1223 potissimum
1548 1180 1579 1210 id
1606 1180 1770 1222 respuitur,
1798 1180 1881 1222 quod

1047 1225 1133 1255 aiunt
1158 1225 1269 1255 idcirco
1292 1224 1393 1254 minus
1416 1223 1511 1254 videri
1535 1234 1656 1265 corpus,
1678 1223 1761 1265 quod
1785 1223 1883 1253 minor

1042 1268 1106 1309 jam
1121 1268 1248 1298 evaserit
1263 1266 1406 1309 anguluS,
1423 1277 1515 1308 quam
1532 1266 1659 1308 pupilla.
1695 1266 1788 1297 Ratio
1803 1266 1883 1296 enim

1047 1311 1112 1342 haec
1134 1311 1175 1341 ibi
1197 1311 1352 1347 concedet,
1376 1309 1434 1340 alia
1456 1309 1598 1350 quaedam
1624 1309 1748 1351 insuper
1771 1316 1843 1339 tunc
1866 1321 1884 1340 a

1047 1353 1165 1396 pupilla
1180 1353 1275 1384 videri
1290 1366 1295 1384 :
1320 1352 1445 1395 quando
1460 1364 1507 1382 res
1524 1363 1584 1382 una
1600 1352 1748 1394 pupillam
1769 1352 1883 1394 angulo

1048 1409 1103 1427 suo
1122 1396 1247 1438 implere
1271 1407 1330 1426 non
1354 1395 1466 1438 possit:
1491 1402 1522 1425 at
1545 1395 1624 1425 enim
1650 1395 1702 1425 ubi
1726 1395 1880 1437 objectum

1048 1449 1092 1470 est
1118 1440 1194 1470 adeo
1221 1440 1337 1481 ingens,
1361 1446 1395 1469 ut
1419 1438 1494 1468 nihil
1521 1450 1582 1468 uno
1608 1438 1723 1468 intuitu
1750 1438 1881 1480 conspici

1048 1482 1143 1525 possit
1160 1482 1295 1519 ulterius,
1313 1489 1386 1513 tunc
1409 1481 1497 1512 etiam
1523 1481 1633 1517 minus,
1650 1492 1742 1523 quam
1766 1481 1814 1518 sit,
1831 1493 1883 1523 ap-

1048 1533 1145 1567 paret,
1161 1525 1302 1567 quamvis
1324 1524 1465 1567 angulus,
1483 1536 1545 1565 quo
1561 1524 1655 1554 videri
1677 1524 1799 1561 dicitur,
1821 1536 1881 1555 non

1049 1569 1147 1599 minor
1163 1568 1301 1605 evaserit,
1313 1579 1405 1609 quam
1421 1567 1547 1609 pupilla.
1573 1567 1656 1597 Toto
1671 1578 1802 1609 namque
1814 1567 1881 1597 visu

1048 1612 1234 1653 conspicitur
1250 1610 1508 1653 hemisphaerium,
1522 1610 1605 1652 quod
1623 1621 1719 1651 usque
1735 1610 1811 1640 adeo
1825 1622 1882 1651 pu-

1048 1655 1151 1696 pillam
1168 1655 1303 1696 impleat,
1319 1661 1353 1685 ut
1370 1653 1442 1684 nihil
1460 1660 1607 1695 praeterea
1621 1653 1793 1694 conspicere
1809 1665 1882 1695 que-

1048 1705 1089 1728 at.
1135 1698 1225 1735 Quod
1249 1697 1344 1739 igitur
1359 1697 1469 1734 minus,
1486 1708 1578 1738 quam
1603 1696 1651 1732 sit,
1667 1702 1804 1738 putetur,
1821 1707 1881 1727 non

1048 1753 1085 1771 ex
1109 1753 1144 1771 eo
1166 1740 1332 1782 continget,
1349 1739 1431 1782 quod
1456 1751 1510 1781 per
1528 1739 1696 1769 breviorem
1720 1738 1880 1781 angulum,

1047 1795 1139 1825 quam
1164 1783 1202 1814 sit
1224 1783 1353 1826 pupilla,
1369 1790 1520 1813 cernatur.
1568 1782 1653 1812 Inter
1667 1782 1731 1812 liaec
1746 1782 1881 1812 animad-

1050 1834 1146 1857 vertes
1163 1826 1319 1863 indicium,
1336 1838 1398 1868 quo
1413 1826 1581 1861 confirmes,
1599 1824 1766 1855 secundum
1786 1825 1879 1856 Ploti-

1048 1881 1121 1899 num
1137 1881 1196 1900 non
1212 1870 1340 1900 formam
1352 1868 1461 1911 objecti
1477 1868 1515 1898 ad
1528 1867 1631 1898 oculos
1646 1868 1814 1910 pervenire,
1829 1869 1880 1899 sed

1048 1912 1127 1943 oculi
1143 1912 1264 1943 radium
1279 1912 1318 1943 ad
1334 1912 1499 1953 objectum.
1547 1910 1628 1941 Visio
1650 1922 1782 1952 namque
1798 1911 1880 1942 velut

1047 1955 1126 1986 actio
1140 1956 1282 1997 quaedam
1306 1955 1344 1986 ad
1367 1955 1467 1997 ipsum
1491 1954 1615 1984 modum
1633 1954 1755 1984 visualis
1775 1954 1881 1985 formae

1048 1999 1214 2040 peragitur.
1260 1998 1291 2029 Si
1317 1998 1412 2040 igitur
1437 1998 1590 2038 objectum
1615 1997 1651 2027 ad
1681 1996 1807 2039 pupillae
1832 1998 1880 2037 (ut

1047 2041 1148 2080 aiunt)
1173 2053 1203 2072 se
1226 2041 1397 2083 angustiam
1420 2041 1633 2076 conformaret,
1650 2051 1710 2070 non
1733 2040 1881 2082 grandius

1049 2096 1196 2126 unquam,
1222 2096 1314 2126 quam
1342 2085 1379 2114 sit
1405 2083 1532 2125 pupilla,
1555 2083 1765 2125 judicaretur:
1798 2094 1879 2113 nunc

1047 2139 1118 2157 vero
1134 2127 1223 2169 longe
1241 2127 1388 2169 grandius
1406 2126 1583 2168 judicatur:
1610 2126 1754 2168 quoniam
1778 2126 1881 2156 radius

1047 2170 1169 2201 visualis
1184 2178 1271 2201 extra
1285 2177 1443 2212 porrectus
1459 2181 1513 2211 per
1524 2169 1619 2211 ipsam
1638 2169 1678 2199 rei
1696 2169 1880 2211 magnitudi-

1047 2225 1114 2243 nem
1132 2225 1163 2244 se
1177 2213 1333 2244 diffundit.
1380 2212 1439 2243 Sed
1455 2213 1591 2254 profecto
1607 2224 1718 2253 negare
1734 2224 1793 2243 non
1809 2224 1878 2260 pos-

1047 2268 1163 2292 sumus,
1179 2256 1280 2287 radios
1295 2268 1312 2286 a
1327 2255 1505 2298 corporibus
1525 2254 1682 2285 luminosis
1699 2255 1880 2298 pyranndali

1046 2299 1178 2340 quadam
1203 2300 1301 2341 figura
1324 2299 1362 2329 ad
1385 2298 1488 2329 oculos
1511 2298 1679 2340 pervenire,
1695 2306 1788 2340 atque
1810 2310 1879 2329 cum

1046 2342 1103 2372 hac
1119 2342 1184 2390 ipsa
1198 2342 1298 2384 figura
1319 2341 1483 2384 spiritalem
1505 2341 1609 2371 saltem
1625 2341 1803 2383 qualitatem
1826 2341 1878 2377 rei,

1048 2385 1093 2415 vel
1109 2392 1265 2422 Virtutem,
1282 2393 1336 2416 aut
1357 2392 1459 2415 actum
1483 2384 1522 2414 ad
1545 2396 1599 2414 nos
1620 2396 1717 2426 usque
1735 2384 1879 2426 perferre.

1048 2428 1185 2458 Vicissim
1201 2440 1325 2470 qnoque
1340 2428 1379 2458 ab
1395 2427 1490 2458 oculis
1512 2427 1607 2458 emitti
1630 2427 1730 2457 radios
1753 2434 1881 2458 testatur

1048 2470 1168 2501 radialis
1197 2477 1308 2502 natura
1335 2471 1426 2508 visus,
1457 2470 1612 2512 praecipue
1640 2470 1670 2500 in
1700 2469 1881 2500 animalibus

1048 2522 1135 2544 noete
1151 2513 1335 2545 videntibus.
1382 2514 1511 2551 Quodve
1533 2513 1582 2543 alii
1605 2513 1742 2543 cominus
1764 2512 1877 2545 vident,

1048 2556 1165 2586 eminus
1180 2557 1248 2587 alii:
1273 2568 1327 2587 nec
1343 2556 1482 2587 videmus
1496 2556 1662 2587 admodum
1688 2567 1763 2591 rara,
1782 2566 1878 2595 neque

1048 2598 1174 2629 nebulas
1190 2599 1278 2630 valde
1293 2599 1458 2641 proximas,
1472 2599 1544 2641 quia
1561 2610 1619 2629 nou
1637 2598 1797 2629 terminant.
1813 2604 1878 2637 pot-

1048 2649 1132 2672 entes
1155 2641 1256 2672 adhuc
1280 2642 1380 2672 radios
1405 2642 1572 2672 oculorum.
1622 2641 1725 2671 Mitto.
1750 2639 1823 2680 quid
1849 2645 1876 2668 et
