2201 2990
587 130 651 170 IN
682 129 791 168 LIB.
813 128 886 167 VI.
919 128 1174 167 ENNEAD.
1206 129 1458 168 TERTIAE.

161 247 249 267 mur:
275 235 351 265 sicut
367 239 397 262 et
419 241 510 266 nunc,
528 240 598 270 quit=
620 226 769 257 naturalia
785 224 991 261 nominantur,

161 290 247 309 veras
261 290 324 308 esse
340 273 523 306 substantias
545 271 717 313 opinamur,
734 267 876 310 qnoniam
895 278 993 308 neque

161 322 275 358 divina,
305 328 403 360 neque
433 314 589 346 materiam
620 313 753 354 aspicere
781 321 994 358 })‘'⁵⁵{¹¹¹¹¹}S‚·11

160 365 273 406 quibus
296 362 325 392 in
350 370 442 402 quam
466 369 521 388 eeu
545 356 727 387 simulachra
751 353 789 384 ab
813 353 939 394 objectis
963 364 993 382 ιιι

160 406 316 449 speculum
342 402 504 445 prosiliunt
533 408 627 441 atque
656 397 803 428 resiliunt.
851 396 993 443 l'rot'eeto

160 449 207 480 vel
231 449 306 479 sicut
334 452 443 488 putant
476 443 591 486 physici
622 441 766 481 imagines
791 450 891 469 rerum
919 450 993 480 ipsa·

160 499 231 522 sunt
259 492 289 521 in
320 488 459 531 speculis,
485 488 531 517 vel
557 486 633 516 sieut
662 482 842 526 perspectivi
867 482 993 512 tradunt

160 535 251 565 nullae
267 534 296 564 in
320 531 451 574 speculis
468 537 537 560 sunt
553 527 708 569 imagines,
726 526 777 556 sed
795 525 869 555 radii
892 536 991 555 rerum

160 578 190 608 in
206 576 362 619 speculum
385 574 533 609 incidunt,
549 580 642 613 atque
658 569 728 599 inde
743 569 765 599 si
783 568 872 598 iidem
890 567 992 598 reflec-

160 628 264 652 tantur
286 619 324 650 ad
348 617 481 648 oculum.
528 614 619 652 Quod
638 612 759 649 accidit,
777 612 829 641 ubi
850 611 887 641 ad
905 623 992 653 pares

159 663 288 705 angulos
305 661 513 696 reflectuntur,
530 665 604 688 tunc
622 668 667 686 res
683 656 756 697 ipsae
773 667 826 697 pcr
841 654 991 696 ejusmodi

159 718 229 737 snos
246 706 345 736 radios
360 703 454 734 oeulis
470 702 511 732 ita
528 700 710 735 redduntur,
724 706 757 728 ut
774 706 873 728 tamen
889 709 993 727 sensus

159 750 201 780 ibi
220 749 355 784 fallatur,
371 754 483 789 putans
505 743 575 774 alibi
596 755 626 773 se
650 754 695 772 res
712 741 823 777 videre,
841 752 933 782 quam
951 740 993 770 vi-

159 793 241 830 deat,
257 791 534 833 quomodocunque
550 798 622 817 vcro
645 798 691 816 res
706 798 736 815 se
757 784 877 831 habeat,
895 783 993 825 qualis

159 843 203 866 cst
232 833 418 876 comparatio
448 830 561 873 speculi
591 830 628 860 ad
661 841 707 859 res
737 827 868 857 Vislhiles
900 834 993 868 atque

160 879 268 915 visum,
286 877 375 908 talem
399 887 462 905 esse
485 874 625 904 Plotinus
646 872 712 902 vult
733 878 825 912 atque
850 870 993 911 Porphy-

159 922 222 952 rius
249 920 382 951 materia}
404 918 443 948 ad
468 929 514 948 res
538 916 664 952 divinas,
686 922 715 945 et
735 925 875 944 sensum:
901 924 993 954 quam

159 976 230 995 sane
245 963 401 994 materiam
419 961 502 991 velut
523 960 579 1002 ipsi
595 959 656 989 enti
674 968 797 1000 prorsus
812 957 993 998 oppositam,

158 1007 333 1038 existimant
349 1004 449 1036 radios
464 1012 611 1044 actusque
628 1001 717 1044 primi
733 1000 810 1030 entis
825 1008 855 1030 et
875 999 993 1035 mentis,

159 1062 219 1081 non
243 1050 367 1092 quidem
399 1049 480 1078 intus
506 1046 677 1083 admittere,
703 1043 754 1074 sed
786 1055 840 1073 ceu
866 1042 994 1072 densum

159 1093 314 1136 quoddam
332 1100 360 1123 et
377 1100 504 1133 propter
519 1089 723 1120 diversitatem
740 1086 862 1117 entibus
876 1085 992 1115 invium

160 1144 352 1179 repercutere
368 1135 507 1177 protinus
518 1140 603 1163 actus
616 1142 731 1167 eorum,
747 1138 840 1171 atque
857 1129 912 1175 hac
928 1128 994 1170 ipsa

159 1180 246 1221 quasi
261 1178 501 1209 reverberatione
517 1187 663 1218 apparere
679 1173 816 1203 sensibus
828 1183 915 1213 quasi
927 1183 993 1201 sen-

161 1222 268 1259 sibilia,
286 1234 356 1263 qua·
376 1221 405 1251 iu
428 1234 458 1250 se
482 1220 553 1261 ipsis
576 1216 777 1259 intelligibilia
799 1222 881 1252 sunt,
905 1214 992 1261 adeo,

161 1273 196 1296 ut
225 1273 369 1307 putemus
392 1264 421 1294 in
453 1262 578 1293 materia
608 1273 662 1291 nos
686 1259 844 1306 inspicere,
866 1269 936 1299 quae
962 1269 993 1287 ιιι

160 1308 259 1350 primo
282 1316 350 1338 ente
376 1306 593 1347 intellectuque
616 1311 697 1341 sunt,
723 1310 816 1344 atque
838 1302 909 1331 inde
932 1312 995 1348 nio-

160 1358 232 1382 vcnt
256 1351 403 1385 animum,
429 1357 464 1380 ut
487 1355 665 1390 cognoscat:
691 1346 824 1387 denique
850 1355 994 1386 quomam

160 1394 225 1436 ipsa
240 1394 321 1424 entia
336 1393 384 1423 vel
405 1393 491 1429 ideae,
508 1392 583 1422 dum
600 1391 629 1421 in
647 1389 802 1420 materiam
819 1395 928 1429 agunt,
946 1398 995 1417 ne-

160 1450 221 1479 que
247 1437 286 1468 de
312 1445 420 1467 natura
444 1447 499 1466 sua
524 1434 689 1476 quicquam
714 1433 870 1467 amittunt,
895 1442 994 1471 neque

159 1480 198 1511 de
229 1488 310 1511 statu
342 1486 514 1515 moventur,
540 1489 639 1519 neque
670 1476 700 1506 in
726 1475 922 1517 proportione
948 1472 994 1503 vel

159 1524 270 1554 affectu
301 1522 486 1553 conveniunt
516 1533 585 1551 cuin
616 1519 760 1550 materia:
800 1517 879 1554 ideo,
909 1516 993 1558 quod

159 1566 226 1596 dari
242 1566 365 1596 videtur
383 1566 465 1601 inde,
482 1565 566 1595 velut
589 1563 677 1593 inane
700 1560 992 1601 debilissimumque,

159 1609 306 1640 materiali
330 1620 448 1650 semper
470 1608 527 1638 hac.
556 1606 673 1647 indiget
698 1605 776 1635 sede.
825 1604 927 1645 Atque
947 1603 992 1632 in-

159 1652 247 1683 terim
269 1651 395 1682 materia
414 1652 490 1687 haec,
507 1650 580 1692 quia
596 1661 650 1680 nec
666 1659 772 1679 verum
788 1646 904 1688 aliquid
919 1646 995 1676 aeci-

158 1696 204 1737 pit
229 1706 376 1737 unquam,
408 1706 508 1736 neque
535 1692 749 1735 qualecunque
771 1690 893 1721 videtur
919 1689 995 1719 acci-

159 1750 241 1780 pere,
257 1739 297 1769 ob
320 1738 490 1768 naturalem
508 1736 669 1767 falsitatem
691 1746 760 1765 vere
782 1733 901 1775 accipit,
925 1732 994 1762 ideo

159 1781 303 1823 impletur
329 1792 500 1823 nunquam,
516 1779 568 1810 sed
591 1790 709 1820 semper
731 1778 875 1808 affectans
899 1783 995 1806 trans-

160 1824 319 1855 mutationi
334 1832 492 1866 perpetuae
506 1822 624 1865 praebet
639 1821 834 1852 occasionem.

163 1913 299 1943 Quantum
322 1913 412 1938 anima
433 1912 572 1937 materiam
592 1910 796 1945 superemineat,
818 1911 843 1934 et
865 1907 995 1943 quomodo

200 1956 273 1979 certa
294 1953 430 1987 quantitas
447 1953 565 1978 materiae
587 1953 714 1986 sequatur
728 1950 835 1976 modum
855 1947 994 1982 cujuslibet

200 1993 294 2028 speciei
310 1993 336 2018 in
352 1993 490 2019 materiam
505 1992 641 2018 venientis.

204 2039 336 2077 Quando
354 2038 471 2079 lignum
487 2038 545 2068 hoc
560 2050 623 2068 esse
645 2037 757 2068 dicitur
773 2044 859 2068 extra
874 2036 992 2079 lignum

161 2082 249 2119 illud,
267 2082 403 2123 sejuncta
426 2088 497 2111 sunt
517 2081 580 2111 duo
601 2081 666 2111 haec
684 2081 762 2111 inter
785 2092 815 2111 se
836 2092 897 2111 non
914 2079 994 2110 mul-

162 2134 240 2161 tum,
267 2124 410 2166 quoniam
437 2135 492 2165 per
521 2124 665 2154 terminos
695 2132 836 2154 externos
862 2129 993 2160 tantum,

163 2168 261 2210 specie
276 2179 347 2197 vero
362 2167 523 2209 conjuncta
539 2174 610 2197 sunt
625 2166 764 2198 invicem.
802 2166 906 2207 Magis
922 2178 995 2208 ergo

163 2211 240 2252 ignis
264 2218 309 2241 est
331 2217 418 2240 extra
441 2221 572 2252 aquam:
602 2221 662 2239 non
687 2209 784 2240 solum
807 2210 886 2240 enim
910 2217 994 2240 exte-

162 2254 293 2284 rioribus
313 2252 458 2290 terminis,
478 2252 529 2283 sed
552 2252 750 2294 qualitatibus
772 2253 929 2284 contrariis
952 2264 995 2283 se—

157 2297 337 2339 junguntur
351 2308 357 2326 :
382 2295 525 2337 quoniam
542 2307 614 2325 vero
630 2302 659 2326 et
674 2307 783 2337 genere
799 2295 993 2333 conveniunt,

162 2347 193 2370 et
209 2339 334 2370 materia
350 2346 477 2380 possunt
492 2338 678 2380 quandoque
693 2338 826 2369 misceri:
848 2346 879 2369 at
894 2338 995 2369 anima

163 2390 228 2413 toto
242 2394 353 2423 genere
373 2393 391 2412 a
412 2381 537 2412 materia
559 2388 726 2423 separatur,
742 2381 872 2423 ideoque
888 2393 994 2423 quam-

163 2425 208 2456 vis
228 2425 383 2456 materiam
406 2431 554 2466 penetret,
578 2423 697 2465 longius
718 2431 817 2454 tamen
842 2432 886 2455 est
908 2432 995 2455 extra

163 2468 330 2499 materiam.
379 2467 516 2508 Ideoque
531 2468 655 2504 forma&
672 2478 748 2508 quas
768 2467 868 2498 anima
887 2467 994 2498 mundi

162 2512 201 2542 ab
218 2511 372 2542 intellectu
389 2509 493 2540 divino
508 2518 596 2540 nacta
610 2509 719 2540 nititur
733 2521 788 2551 per
805 2510 993 2541 seminariam

163 2555 306 2585 virtutem
326 2554 356 2584 in
373 2553 529 2583 materiam
553 2552 667 2594 ubique
684 2552 852 2589 traducere,
869 2553 996 2584 materia

163 2608 264 2629 secum
281 2596 440 2627 conciliare
457 2607 517 2626 non
538 2603 649 2638 potest,
667 2607 765 2637 neque
784 2595 907 2626 miscere
930 2596 996 2634 sibi,

162 2640 303 2683 quamvis
330 2639 389 2670 illae
418 2639 546 2670 invicem
578 2638 772 2670 misceantur.
818 2640 902 2669 Tum
926 2651 999 2671 vero

1794 146 1873 184 549

1037 224 1163 254 materia
1186 225 1263 254 sicut
1284 232 1391 266 suapte
1414 234 1524 256 natura
1546 228 1713 259 liii-mariun
1736 237 1781 260 est
1805 242 1870 260 om-

1037 268 1121 297 nium
1147 279 1265 309 expers,
1290 268 1332 297 ita
1358 268 1447 298 etiam
1474 270 1671 310 quantitatis:
1698 272 1761 303 has(-
1791 273 1870 303 enim

1037 317 1081 339 est
1106 311 1203 339 forma
1233 310 1395 351 qusrtlam:
1421 318 1449 341 ct
1478 312 1620 352 quoniam
1649 316 1803 355 ‹plantitas
1826 324 1870 347 est

1037 361 1189 394 postrema
1206 353 1384 390 formarum,
1396 353 1507 384 idcirco
1519 364 1600 384 certa
1615 358 1756 396 quaedam
1770 371 1867 400 (pian-

1037 396 1107 426 titas
1123 404 1152 426 ct
1168 397 1268 437 ‘figura
1284 396 1375 426 rebus
1390 397 1557 427 seeundum
1580 399 1685 439 ¹speciei
1703 402 1869 443 ternaeque

1037 439 1192 481 principue
1216 439 1341 469 modum
1361 449 1495 470 amente
1516 448 1545 470 ct
1568 441 1668 471 anima
1690 443 1867 474 destinatur.

1039 484 1077 512 In
1107 482 1286 513 formalibus
1316 482 1410 524 igitur
1444 483 1612 514 rationibus·
1642 485 1808 526 specierum
1840 488 1869 517 in

1038 534 1138 556 mente
1164 533 1194 556 et
1218 525 1319 556 anima
1342 526 1551 563 existentibus,
1576 527 1690 558 inclusa
1712 536 1756 558 cst
1779 537 1871 571 atque

1037 569 1162 599 delinita
1184 577 1266 599 certa
1296 569 1452 610 quantitas
1474 578 1503 600 ct
1534 571 1643 611 ligura,
1669 583 1739 612 quw
1768 583 1871 602 unam-

1036 624 1192 654 quamque
1222 612 1351 654 speciem
1378 612 1551 643 comitatur.
1600 614 1636 643 In
1663 614 1777 644 ratione
1802 615 1869 656 qui-

1036 656 1104 685 dem
1129 655 1257 685 hominis
1274 655 1391 686 formali
1408 655 1454 686 vel
1471 656 1542 697 equi
1565 656 1686 687 decreta
1709 665 1753 688 est
1776 658 1871 688 homi-

1037 699 1082 729 nis
1097 699 1252 741 quantitas
1267 706 1321 729 aut
1337 699 1419 740 equi.
1465 699 1640 740 Expeditur
1655 708 1756 730 autem
1776 713 1871 742 quan-

1037 742 1106 773 titas
1130 742 1195 772 lnce
1211 742 1240 772 in
1256 742 1396 772 effectum
1421 742 1461 772 ob
1484 743 1645 773 efficaciam
1665 743 1788 774 rationis
1804 745 1871 775 uhi—

1037 797 1098 828 que
1122 785 1267 822 formalis,
1292 793 1472 827 motumque
1494 785 1560 827 ejus
1590 786 1743 827 quendam
1771 787 1800 817 in
1825 800 1871 818 ac-

1039 830 1130 865 tione,
1147 838 1239 870 atque
1263 834 1388 870 propter
1411 829 1629 870 processionem
1649 830 1756 860 forma·
1780 838 1869 861 natu-

1039 872 1108 902 ralis
1124 872 1291 902 emanantis
1307 871 1345 901 ab
1361 883 1405 902 ea.
1452 873 1521 902 Hac
1538 871 1632 913 igitur
1652 872 1793 911 efficacia,
1809 886 1872 903 mo-

1039 916 1130 951 tione,
1148 914 1337 957 processione
1353 926 1445 956 super
1461 915 1595 945 materia*
1608 916 1714 946 faciem
1732 916 1873 958 produci-

1039 967 1089 989 tur
1119 958 1149 988 in
1180 957 1290 987 molem
1321 957 1385 998 ipsa
1415 958 1550 996 materia,
1582 966 1696 989 tantam
1723 959 1872 997 videlicet,

1038 1010 1183 1043 quantam
1195 1001 1289 1042 exigit
1303 1001 1367 1042 ipsa
1379 1000 1487 1038 forma,
1501 1008 1565 1032 tum
1581 1002 1736 1032 mundana
1747 1003 1873 1039 mundo,

1040 1053 1105 1075 tum
1122 1045 1256 1075 humana
1276 1043 1402 1081 homini,
1420 1052 1484 1074 tum
1502 1044 1620 1075 leonina
1636 1045 1723 1075 leoni.
1769 1047 1813 1077 Et
1836 1046 1873 1076 si-

1036 1096 1088 1120 cut
1106 1099 1165 1118 una
1181 1098 1249 1117 cum
1267 1087 1405 1128 qualibet
1428 1087 1526 1129 specie
1542 1089 1665 1130 propria
1683 1089 1763 1119 venit
1779 1101 1874 1130 quan-

1038 1133 1107 1163 titas
1123 1131 1152 1161 in
1170 1130 1337 1167 materiam,
1355 1129 1395 1160 sic
1416 1139 1445 1160 et
1467 1131 1531 1160 abit
1551 1143 1610 1161 una
1626 1143 1695 1161 cum
1719 1132 1828 1174 specie,
1845 1140 1873 1162 et

1036 1175 1074 1206 ad
1106 1185 1193 1204 novae
1222 1173 1365 1215 deinceps
1395 1173 1504 1215 speciei
1533 1174 1699 1205 adventum
1731 1187 1808 1205 nova
1840 1176 1874 1205 fit

1037 1217 1204 1260 quantitas,
1221 1216 1298 1247 sieut
1313 1224 1341 1246 et
1365 1216 1496 1258 qualitas
1511 1217 1634 1258 propria
1650 1218 1758 1259 speciei
1772 1231 1778 1248 :
1805 1230 1873 1259 pro-

1038 1260 1162 1292 ducitur
1188 1267 1291 1290 autem
1322 1259 1477 1300 quantitas
1499 1259 1529 1289 in
1554 1261 1678 1290 materia
1706 1262 1874 1292 secundum

1038 1303 1212 1335 distantiam
1237 1314 1275 1333 ex
1297 1302 1469 1344 quantitate
1488 1303 1608 1333 virtutis
1631 1304 1748 1344 agentis
1772 1312 1874 1335 motu-

1039 1360 1099 1390 que
1115 1346 1246 1377 formali.
1292 1345 1426 1376 Materia
1447 1346 1570 1387 quidem
1595 1346 1634 1376 ob
1654 1344 1744 1377 suam
1769 1347 1875 1377 debili-

1040 1398 1133 1421 tatem
1151 1389 1256 1431 neqnit
1272 1388 1421 1430 ejusmodi
1440 1388 1576 1419 devitare
1598 1398 1726 1428 motum,
1744 1390 1791 1420 vel
1806 1391 1874 1421 abs-

1037 1446 1097 1476 que
1121 1433 1173 1464 tali
1200 1432 1333 1474 quadam
1358 1432 1552 1462 distractione
1577 1433 1728 1476 suscipere
1752 1434 1873 1464 formas.

1038 1477 1153 1507 Anima
1169 1488 1251 1512 vero,
1265 1475 1408 1517 quoniam
1426 1482 1456 1505 et
1472 1475 1537 1517 ipsa
1552 1475 1650 1506 forma
1665 1476 1807 1518 quaedam
1819 1484 1874 1513 est,

1038 1520 1211 1562 speciesque
1228 1518 1404 1554 subsistens,
1421 1518 1489 1548 ideo
1504 1527 1628 1549 cunctas
1644 1531 1743 1550 rerum
1762 1520 1875 1561 specics

1037 1563 1067 1593 in
1097 1563 1203 1593 eodem
1229 1562 1315 1603 quasi
1345 1568 1449 1592 centro
1478 1561 1699 1603 complectitur.
1748 1563 1875 1593 Formas

1038 1606 1117 1637 enim
1139 1605 1204 1636 illas
1219 1606 1318 1635 forma
1338 1605 1402 1635 haec
1422 1604 1531 1646 accipit
1554 1605 1645 1635 inodo
1661 1606 1786 1636 forinae:
1812 1606 1873 1635 for-

1039 1660 1155 1680 marum
1174 1660 1245 1679 vero
1261 1648 1371 1678 modus
1386 1654 1441 1684 est,
1454 1655 1487 1678 ut
1504 1655 1568 1678 tum
1588 1659 1780 1690 unaquaeque
1792 1648 1875 1679 velut

1038 1692 1167 1734 simplex
1192 1692 1222 1722 in
1252 1691 1387 1733 quolibet
1417 1690 1463 1721 sui
1493 1690 1618 1721 collecta
1646 1691 1683 1722 sit
1707 1698 1780 1729 tota,
1808 1699 1875 1722 tum

1037 1743 1156 1766 cunctae
1171 1735 1200 1765 in
1214 1735 1350 1776 qualibet
1364 1733 1506 1764 facillime
1519 1734 1754 1764 concludantur.
1792 1734 1875 1765 Hinc

1040 1790 1145 1809 rursus
1160 1778 1299 1813 efficitur,
1317 1786 1350 1808 ut
1367 1777 1443 1807 ratio
1460 1785 1560 1808 nostra
1577 1777 1670 1819 possit
1686 1778 1798 1808 formas
1809 1785 1873 1808 tum

1039 1822 1155 1863 absque
1172 1820 1369 1851 multitudine
1385 1819 1532 1850 numerali
1549 1820 1577 1850 in
1596 1820 1659 1862 ipsa
1675 1821 1783 1863 speciei
1806 1820 1873 1851 uni-

1039 1871 1101 1895 tate
1124 1863 1392 1906 comprehendere,
1416 1870 1481 1894 tum
1508 1874 1526 1893 a
1555 1863 1735 1904 quantitatis
1760 1863 1875 1894 dimen-

1039 1907 1121 1938 sione
1149 1918 1311 1938 secernere.
1372 1907 1418 1936 At
1447 1906 1573 1936 materia
1602 1918 1671 1936 eum
1700 1906 1875 1937 extensione

1036 1951 1170 1992 quadam
1188 1961 1306 1992 semper
1328 1949 1437 1991 accipit
1452 1949 1574 1987 formas,
1590 1949 1734 1991 quoniam
1751 1951 1790 1980 ad
1813 1961 1876 1980 mo-

1038 2001 1102 2024 tum
1120 1994 1226 2024 formae
1242 2004 1334 2035 super
1349 2004 1414 2022 eam
1430 1992 1577 2023 divinitus
1592 1992 1795 2034 procedentis,
1810 1993 1875 2023 ubi-

1037 2049 1098 2078 que
1114 2036 1311 2078 pertrahitur,
1326 2044 1435 2066 natura
1450 2036 1475 2078 ej
1482 2047 1516 2066 us
1528 2035 1647 2066 interim
1665 2035 1793 2066 libenter
1808 2047 1875 2078 per-

1038 2080 1176 2111 tractioni
1192 2079 1328 2116 cedente,
1346 2086 1495 2121 paratque
1510 2078 1634 2109 cuilibet
1652 2079 1766 2120 ubique
1781 2079 1852 2109 moli
1866 2091 1872 2109 :

1038 2123 1183 2165 quoniam
1207 2122 1361 2164 propriam
1379 2121 1435 2152 sibi
1458 2121 1572 2152 nullam
1596 2121 1730 2164 possidet
1753 2121 1874 2152 molem.

1040 2168 1089 2197 Ac
1105 2166 1179 2197 dum
1204 2166 1233 2196 in
1257 2165 1474 2195 dimensionem
1498 2176 1553 2206 per
1576 2172 1673 2195 totum
1698 2165 1875 2196 extenditur

1039 2209 1147 2240 mundi
1163 2208 1307 2250 spatium,
1321 2219 1379 2238 non
1392 2207 1541 2238 dividitur
1556 2208 1585 2238 in
1603 2208 1743 2238 materias
1760 2208 1872 2250 plures,

1039 2253 1091 2283 sed
1117 2252 1204 2283 unica
1227 2258 1319 2282 restat
1342 2259 1434 2293 atque
1457 2251 1612 2288 continua,
1634 2258 1699 2282 tum
1723 2251 1795 2293 quia
1814 2262 1873 2281 non

1039 2303 1084 2326 est
1104 2295 1237 2326 obnoxia
1256 2295 1400 2337 passioni,
1417 2301 1482 2324 tum
1506 2294 1579 2336 quia
1602 2306 1661 2324 non
1686 2294 1715 2324 in
1731 2294 1804 2331 vita,
1822 2294 1873 2324 sed

1039 2338 1135 2369 libens
1160 2346 1341 2380 potestatem
1368 2337 1506 2379 sequitur
1530 2337 1755 2373 extendentem,
1779 2344 1808 2367 et
1834 2337 1873 2367 ab

1039 2393 1100 2412 una
1123 2381 1301 2412 extenditur
1329 2380 1444 2411 ratione
1470 2380 1508 2410 ad
1541 2392 1631 2411 unam
1659 2380 1790 2410 universi
1814 2380 1871 2410 for-

1038 2437 1128 2455 mam.
1174 2425 1254 2455 Haec
1277 2423 1384 2465 utique
1405 2423 1492 2465 qnasi
1515 2424 1623 2454 mundi
1647 2431 1742 2454 mater
1764 2430 1818 2459 est,
1839 2434 1872 2453 ac

1037 2468 1138 2498 minus
1153 2468 1242 2498 etiam
1260 2474 1315 2505 est,
1331 2478 1424 2508 quam
1447 2474 1551 2497 mater.
1599 2468 1691 2497 Pater
1709 2474 1810 2496 autem
1828 2473 1872 2496 est

1038 2512 1215 2541 RIercurius
1237 2510 1286 2540 ille
1308 2510 1466 2552 antiquus,
1483 2521 1574 2551 quem
1598 2522 1661 2540 esse
1677 2509 1783 2539 volunt
1806 2516 1872 2538 tum

1038 2553 1227 2584 seminariam
1244 2553 1351 2583 mundi
1368 2553 1513 2584 rationem
1530 2552 1559 2583 in
1576 2553 1640 2593 ipsa
1654 2552 1762 2582 animae
1786 2562 1873 2581 mun-

1041 2597 1130 2627 danae
1152 2604 1272 2633 natura,
1290 2602 1356 2626 tum
1372 2596 1461 2627 etiam
1479 2595 1624 2626 rationem
1641 2594 1775 2624 omnium
1793 2593 1874 2624 idea-

1042 2639 1101 2670 lem
1118 2639 1148 2669 in
1165 2647 1266 2670 mente
1281 2639 1394 2670 divina.
1434 2640 1478 2669 Et
1494 2650 1526 2669 re
1543 2650 1613 2668 vera
1628 2636 1731 2667 idealis
1746 2636 1811 2678 ipsa
1825 2648 1874 2667 ra-
