2201 2990
286 143 627 185 ARGUMENT.
657 140 888 181 MARSIL.
920 140 1021 178 FIC.
1053 138 1115 177 IN
1146 138 1257 176 LIB.
1280 139 1378 177 VII.
1412 138 1665 179 ENNEAD.
1689 141 1743 179 II.

179 242 376 285 probabilem.
423 239 577 281 Principio
600 239 629 268 in
651 236 801 279 oxymelle
817 247 914 277 usque
929 235 1006 266 adeo

178 294 295 316 acetum
312 296 381 316 cum
396 282 483 314 melle
506 281 676 317 miscemus,
694 286 728 310 ut
751 278 834 309 nulla
854 277 1006 319 relinqua-

178 337 228 359 tur
249 329 278 358 in
300 328 355 358 hoc
371 324 536 366 composito
555 322 760 365 portiuncula,
777 332 847 362 quae
868 332 926 351 non
951 321 1005 350 ha-

179 373 245 401 beat
263 370 420 410 utriusque
435 377 591 408 saporem:
616 376 653 395 ex
674 376 737 406 quo
755 363 936 394 refelluntur
952 363 1004 398 illi,

177 414 228 455 qui
246 412 307 443 sola
321 410 452 453 quadam
469 408 657 451 appositione
672 406 868 443 confiderent,
879 406 1005 448 perinde

177 468 211 487 ac
227 456 249 485 si
265 456 381 495 integra
396 452 494 495 panici
509 463 604 494 grana
618 462 687 481 cum
704 449 829 491 integris
844 449 917 479 milii
932 461 1004 491 gra-

178 499 222 529 uis
250 502 515 538 congregarentur.
571 492 771 524 Contundent
806 492 856 522 alii
893 492 1006 534 pariter

179 541 335 581 utriusque
357 549 461 580 grana,
487 537 650 578 dicentque
672 536 774 577 granis
797 534 941 576 utrinque
966 535 1005 565 ad

178 583 314 614 minimas
343 589 460 612 naturae
490 592 552 610 suae
577 578 741 621 particulas
766 578 830 619 jam
857 577 1004 615 contritis,

177 626 381 668 propinquare
407 623 530 665 quidem
558 621 721 664 particulas
747 620 880 663 singulas
908 621 1003 651 utrin-

177 681 236 711 que
251 667 387 710 singulis,
403 666 454 697 sed
475 677 534 696 non
554 666 677 695 omnino
692 663 839 695 confundi
855 664 1005 700 materias,

176 711 315 754 quamvis
329 709 556 741 confundantur
571 708 697 738 invicem
715 707 886 749 qualitates.
927 708 1006 737 Nam

179 755 290 796 ubique
314 754 343 784 in
366 752 503 794 quolibet
525 751 597 781 milii
621 751 746 781 minimo
768 762 831 780 esse
853 750 1007 791 quendam

178 797 275 840 panici
298 806 445 838 saporem,
466 802 558 836 atque
578 794 716 824 vicissim.
762 793 826 823 Alii
848 804 919 823 vero
938 793 1008 823 vino

176 840 214 871 ad
238 840 302 870 haec
322 838 458 870 adhibito
480 844 634 868 conterent
659 836 853 878 diligentius:
879 836 1009 877 ideoque

176 882 311 914 exactius
325 880 573 917 commiscebunt,
586 880 663 910 adeo
679 887 713 910 ut
729 880 851 921 penitus
864 890 922 909 non
939 891 1008 909 con-

177 926 254 956 trita¹
277 924 385 961 solum,
409 923 460 954 sed
483 923 573 954 etiam
597 923 768 965 liquefacta„¹
791 922 924 953 materia*
948 933 1006 952 non

171 969 234 1010 jam
258 974 452 1010 apponantur
476 966 613 1003 ulterius,
635 966 687 997 sed
712 966 806 996 nihilo
828 965 1008 1007 prohibente

175 1011 296 1053 penitus
320 1009 565 1041 confundantur:
590 1009 694 1051 ibique
717 1009 843 1050 posthae
871 1008 1006 1050 singulo-

177 1065 242 1084 rum
271 1053 361 1084 trium
387 1052 500 1094 ubique
530 1052 588 1082 sint
618 1064 677 1083 nou
708 1051 869 1093 qualitates
900 1051 1008 1085 solum,

176 1097 259 1139 quod
280 1108 384 1127 sensus
407 1096 471 1137 ipse
493 1095 637 1131 declarat,
654 1095 706 1125 scd
730 1095 863 1125 materiae
886 1106 1010 1136 quoque

175 1140 321 1170 conflatae.
370 1138 562 1169 Concludent
593 1138 664 1168 talia
686 1138 829 1179 quaedam
858 1150 875 1168 a
901 1146 1010 1168 natura

177 1183 273 1213 multo
288 1182 463 1224 perfectius,
476 1193 568 1223 quam
581 1181 620 1211 ab
633 1189 697 1211 arte
712 1193 798 1223 posse
814 1181 937 1211 conflari
949 1192 1010 1210 ma-

176 1226 265 1256 terias
288 1236 348 1255 non
370 1224 491 1260 alienas,
516 1224 568 1254 sed
591 1236 670 1260 suaS,
686 1235 746 1254 non
770 1224 936 1260 interdum,
957 1224 1009 1254 sed

176 1269 215 1299 ab
240 1268 325 1299 initio
355 1279 494 1309 semper:
521 1279 580 1297 non
607 1267 803 1303 extrinsecus,
830 1266 882 1297 sed
903 1266 1009 1297 intrin-

176 1323 262 1342 secus
277 1318 474 1353 temperante.
514 1310 654 1340 Plotinus
671 1318 772 1340 autem
790 1321 845 1351 pro
861 1310 1009 1340 sententia

177 1354 274 1396 prima
300 1353 446 1384 rationem
472 1353 599 1383 adducit
624 1353 750 1389 nullam,
777 1360 837 1383 tres
861 1364 931 1383 vcro
954 1364 1010 1394 pro

176 1397 318 1439 opinione
333 1396 475 1427 secunda.
520 1396 625 1426 Prima
647 1396 723 1426 ratio
745 1402 789 1426 est
814 1396 1007 1437 hujusmodi:

178 1441 251 1470 Duo
280 1451 407 1481 corpora
436 1439 466 1469 in
494 1439 601 1469 eodem
631 1438 696 1469 loco
726 1439 848 1480 penitus
881 1438 1009 1469 invicem

176 1483 290 1524 {equari
307 1493 366 1512 non
390 1489 534 1524 possunt:
560 1493 630 1512 nam
652 1481 675 1511 si
696 1481 801 1512 eodem
818 1481 849 1512 in
872 1481 937 1512 loco
959 1493 1011 1523 pe-

176 1526 258 1556 nitus
273 1537 336 1556 esse
351 1525 492 1561 debcant,
509 1530 627 1567 oportet
644 1524 695 1555 illa
710 1524 842 1566 primum
860 1524 889 1554 in
909 1532 1010 1566 partes

177 1568 270 1599 dividi
287 1581 292 1598 :
318 1568 428 1598 deinde
444 1575 545 1610 partes
560 1567 688 1598 vicissim
706 1579 774 1598 suas
795 1568 933 1609 partibus
953 1567 1009 1597 ad-

175 1611 288 1642 hibere.
328 1612 406 1648 Quae
421 1610 546 1652 quidem
562 1618 662 1652 partes
678 1610 701 1640 si
717 1610 913 1641 indivisibiles
928 1618 1009 1647 sunt,

171 1655 235 1696 jam
251 1665 378 1696 corpora
393 1653 443 1684 illa
459 1654 498 1684 ad
513 1653 672 1684 individua
686 1660 757 1684 sunt
778 1653 921 1684 resoluta.
967 1655 1011 1684 Et

175 1697 318 1738 quoniam
342 1708 379 1727 ex
402 1696 514 1727 eisdem
539 1696 706 1738 composita
730 1697 863 1734 fuerant,
887 1696 917 1727 in
940 1708 1010 1738 quae

177 1740 395 1775 dissolvuntur,
417 1740 565 1781 sequitur,
582 1747 616 1770 ut
636 1751 673 1770 ex
696 1739 863 1770 individuis
884 1739 1011 1781 quibus-

177 1783 246 1813 dam
262 1783 327 1824 ipsa
336 1794 498 1825 corporum
515 1782 696 1823 magnitudo
705 1782 907 1813 concreverit:
926 1783 1010 1824 quod

178 1825 245 1856 ideo
270 1826 334 1856 fieri
360 1837 518 1867 nunquam
544 1826 656 1867 potuit,
681 1826 825 1867 quoniam
852 1825 1011 1856 individua

178 1876 360 1910 congregata
383 1868 471 1898 simul
498 1868 612 1898 nullam
637 1869 801 1899 conficiunt
824 1869 1010 1911 magnitudi-

181 1922 259 1941 nem.
305 1911 357 1941 Sin
383 1919 484 1941 autem
507 1918 608 1952 partes
632 1911 691 1941 illae
715 1923 877 1953 corporum
909 1911 1010 1942 divisi-

180 1953 254 1984 biles
269 1953 391 1989 fuerint,
408 1953 552 1995 quaelibet
573 1965 627 1995 per
642 1966 673 1984 se
688 1954 744 1985 erit
762 1966 883 1996 corpuS,
901 1955 1007 1985 situm-

180 2007 240 2037 que
258 1996 412 2038 proprium
430 2008 562 2026 seorsum
580 1997 703 2028 habebit
721 1997 759 2028 ab
777 1997 849 2028 aliis.
898 1999 1010 2040 Itaque

181 2050 239 2069 non
259 2047 348 2068 erunt
369 2050 495 2080 corpora
517 2039 579 2070 duo
604 2051 727 2082 prorsus
749 2040 779 2070 in
802 2041 908 2071 eodem
933 2041 1008 2077 loco,

181 2082 241 2111 imo
257 2080 360 2111 multis
375 2081 404 2111 in
421 2081 525 2111 loculis
539 2083 717 2124 corpuscula
729 2083 833 2114 multa.
870 2084 1011 2114 Secunda

181 2124 266 2154 ratio.
314 2124 444 2161 Quando
459 2124 521 2154 duo
536 2136 662 2167 corpora
676 2127 918 2163 commiscentur,
935 2139 1010 2157 scm-

181 2179 235 2209 per
251 2167 345 2196 ferme
360 2167 502 2208 majorem
519 2167 607 2198 simul
623 2168 722 2199 locum
740 2177 901 2211 occupant,
917 2182 1009 2211 quam

180 2210 378 2240 alterutrum:
404 2220 440 2239 ex
463 2221 525 2250 quo
544 2218 670 2252 apparet
693 2223 751 2241 non
774 2212 867 2243 fuisse
892 2212 1009 2243 dimen-

182 2253 278 2282 siones
295 2252 448 2293 utrimque
464 2260 633 2293 penetratas
648 2253 686 2283 ad
703 2265 866 2285 summum.
902 2256 1011 2286 Tertia

183 2295 279 2326 ratio:
304 2294 436 2331 Quando
458 2306 568 2336 corpus
597 2295 686 2337 longe
712 2296 812 2327 minus
841 2297 1011 2329 insinuatur

182 2339 271 2379 longe
287 2337 404 2378 majori,
421 2348 480 2367 non
504 2345 602 2378 potest
618 2339 718 2369 minus
736 2339 835 2380 ipsum
857 2352 926 2370 cum
949 2352 1011 2371 ma-

177 2381 237 2422 jori
257 2391 380 2422 prorsus
398 2380 521 2421 aequari.
567 2381 657 2417 Quod
682 2381 705 2411 si
729 2382 797 2423 quis
817 2383 949 2424 objiciat,
966 2384 1008 2414 lo-

182 2435 250 2454 cum
268 2422 433 2464 aliquando
454 2430 522 2463 post
544 2422 675 2453 duorum
699 2424 934 2456 commistionem
951 2437 1010 2456 non

181 2466 322 2508 occupari
360 2465 516 2506 majorem,
554 2466 792 2507 respondebunt,
821 2471 919 2498 acrem
953 2468 1012 2499 illic

183 2509 297 2550 egredi,
311 2520 372 2550 qua
385 2519 497 2538 novum
511 2519 621 2548 corpus
633 2508 829 2549 ingrediatur.
863 2511 936 2541 Post
948 2511 1012 2542 haec

183 2564 239 2594 pro
254 2551 395 2593 opinione
413 2551 500 2580 tertia
519 2550 640 2587 dicitur,
657 2551 797 2581 sudorem
814 2564 850 2582 ex
868 2560 932 2583 toto
950 2565 1014 2584 cor-

184 2606 256 2637 pore
272 2595 394 2636 penitus
409 2593 570 2629 exstillare,
584 2605 682 2635 neque
699 2593 789 2624 ullam
806 2594 846 2625 ibi
863 2595 925 2625 fieri
938 2596 1013 2627 frac-

183 2638 306 2668 tionem.
353 2636 406 2667 Sin
429 2644 531 2666 autem
552 2636 715 2666 adversarii
737 2636 880 2675 dixerint,
897 2646 1014 2669 meatus

183 2692 201 2710 a
216 2688 325 2710 natura
339 2679 398 2710 illic
415 2678 579 2716 institutos,
597 2690 651 2721 per
665 2691 742 2721 quos
757 2679 872 2721 absque
888 2681 1015 2712 scissura

1804 153 1877 191 331

1050 234 1143 265 sudor
1169 234 1315 272 efflueret,
1338 234 1569 275 respondebunt
1592 235 1658 265 alii:
1685 247 1738 276 per
1761 236 1884 267 laminas

1050 288 1130 318 saepe
1145 288 1268 307 corneas
1284 276 1329 307 vel
1349 277 1498 306 eburneas
1520 284 1585 307 arte
1602 285 1720 314 tenues,
1736 290 1769 308 ac
1793 279 1882 309 etiam

1049 331 1104 361 per
1129 320 1320 349 membranas
1342 319 1508 349 admodum
1534 319 1643 349 densas
1668 320 1767 349 oleum
1796 332 1885 361 pene-

1050 370 1140 401 trare,
1155 374 1189 393 ae
1212 373 1335 404 prorsus
1355 362 1491 403 implere,
1509 373 1608 403 neque
1630 374 1743 403 augere
1764 363 1885 401 molem,

1049 417 1148 446 neque
1172 405 1349 436 discindere
1399 406 1484 435 Tum
1508 416 1579 435 vero
1602 405 1742 435 materias
1764 406 1887 435 omnino

1049 448 1176 478 invicem
1201 448 1364 490 coaequari,
1389 447 1460 478 inde
1487 448 1673 489 probabunt,
1696 447 1781 489 quod
1808 459 1887 489 saepe

1049 499 1118 533 post
1133 503 1238 522 earum
1254 491 1494 522 commistionem
1515 490 1609 521 moles
1625 491 1707 532 prior
1729 502 1789 520 non
1805 490 1887 521 vide-

1051 542 1101 565 tur
1117 546 1297 565 excrescere.
1338 534 1493 576 Objicient
1509 534 1619 564 iterum
1635 533 1810 570 adversarii,
1824 545 1888 564 cor-

1050 589 1125 619 pora
1141 578 1202 608 duo
1218 589 1278 608 non
1294 589 1382 619 posse
1397 577 1513 618 absque
1526 577 1668 607 incisione
1681 577 1718 607 ad
1733 588 1887 607 summum

1051 632 1081 651 se
1111 621 1238 651 invicem
1269 628 1445 662 penetrare:
1471 632 1505 650 ac
1536 620 1558 650 si
1586 620 1774 650 exactissime
1799 631 1889 661 pene-

1051 663 1160 694 trando
1176 676 1205 694 se
1222 663 1349 694 invicem
1367 663 1555 694 exactissime
1568 671 1679 699 secent,
1690 662 1815 693 omnino
1826 662 1888 692 dis-

1051 707 1157 749 perdi:
1183 719 1263 749 saepe
1288 718 1359 737 vero
1388 706 1519 748 priorem
1551 718 1611 736 non
1642 706 1747 748 augeri
1777 706 1888 743 locum,

1051 750 1124 791 quia
1154 750 1349 780 subtiliorum
1380 749 1541 780 comitetur
1571 749 1690 780 interim
1722 748 1885 779 exhalatio.

1052 793 1298 835 Respondebunt
1320 793 1471 835 opinionis
1485 792 1582 823 tertiae
1604 799 1762 823 auctores:
1787 792 1889 829 ctiam,

1051 836 1102 866 ubi
1126 842 1194 877 post
1218 836 1388 866 mistionem
1412 836 1496 866 locus
1518 836 1648 877 amplior
1670 835 1823 877 exigatur,
1840 835 1891 865 de-

1051 879 1145 915 fendi,
1163 879 1382 909 exactissimam
1399 879 1458 909 illic
1476 878 1569 909 fuisse
1592 878 1759 909 misturam.
1807 878 1888 915 Quid

1051 922 1130 952 enim
1155 922 1265 952 mirum
1291 922 1328 952 sit
1350 922 1409 952 illic
1434 921 1673 963 magnitudinem
1698 921 1815 963 augeri,
1837 921 1889 951 ubi

1052 977 1087 995 cx
1115 965 1247 995 conflatu
1280 965 1447 996 multorum
1472 966 1599 995 virtutes
1630 976 1754 1007 quoquc
1785 964 1891 995 multae

1053 1008 1254 1038 coaluerunt?
1280 1009 1373 1038 Forte
1400 1008 1479 1038 enim
1504 1008 1635 1050 priorem
1664 1019 1723 1038 nou
1749 1007 1891 1038 funditus

1054 1051 1152 1093 perire
1168 1051 1398 1089 dimensionem,
1415 1051 1465 1081 sed
1490 1064 1506 1081 e
1529 1051 1668 1093 plurimis
1690 1050 1891 1092 qualitatibus

1053 1094 1141 1125 aliam
1172 1094 1347 1131 coalescere,
1379 1102 1408 1124 et
1437 1107 1453 1125 e
1483 1094 1624 1136 pluribus
1650 1094 1891 1124 dimensionibus

1053 1137 1140 1167 aliam
1159 1149 1349 1168 concrescere
1365 1137 1619 1179 magnitudinem.
1667 1137 1714 1167 Ad
1729 1137 1793 1167 haec
1809 1137 1889 1178 obji-

1053 1180 1152 1210 cient:
1178 1180 1295 1211 nullum
1328 1192 1415 1222 posse
1445 1188 1645 1222 augmentum
1672 1180 1755 1210 fieri:
1782 1180 1804 1210 si
1830 1191 1890 1210 non

1054 1231 1208 1265 ponantur
1223 1223 1356 1254 materiae
1376 1224 1468 1265 juxta
1485 1223 1634 1260 materias,
1652 1230 1685 1252 ut
1706 1223 1783 1253 linea
1805 1222 1891 1253 lineae

1053 1278 1108 1308 per
1123 1266 1249 1308 longum
1264 1267 1387 1296 addita:
1414 1266 1464 1296 scd
1486 1266 1542 1296 sibi
1564 1266 1690 1296 invicem
1708 1266 1889 1298 inserantur,

1053 1317 1081 1340 et
1098 1310 1176 1339 linea
1192 1321 1316 1351 prorsus
1332 1309 1432 1339 infusa
1452 1309 1550 1345 lineae,
1568 1309 1629 1339 sive
1650 1320 1687 1339 ex
1704 1309 1833 1339 termino
1848 1309 1892 1339 in-

1054 1352 1109 1382 seri
1125 1352 1276 1389 funditus,
1294 1352 1355 1382 sive
1371 1364 1407 1382 ex
1424 1352 1517 1382 latere
1532 1351 1647 1382 conseri
1663 1352 1768 1393 fingas.
1812 1352 1890 1382 Item

1055 1395 1107 1425 ubi
1130 1403 1247 1426 constat
1270 1395 1508 1425 commistionem
1525 1395 1617 1425 fuisse
1640 1394 1833 1436 completam,
1849 1395 1892 1425 in-

1055 1438 1148 1480 telligi
1164 1450 1224 1468 non
1244 1450 1340 1480 posse,
1358 1437 1514 1480 quomodo
1537 1438 1696 1468 minimum
1720 1450 1832 1480 corpus
1849 1437 1890 1468 ibi

1053 1481 1197 1523 ada’quet
1217 1481 1341 1512 maximi
1363 1481 1576 1522 quantitatem.
1624 1481 1888 1522 Respondebunt:

1054 1524 1101 1554 vel
1117 1536 1228 1567 corpus
1250 1524 1409 1554 minimum
1433 1532 1558 1554 eatenus
1580 1524 1698 1554 misceri
1720 1535 1790 1554 cum
1807 1535 1892 1554 max-

1054 1567 1125 1604 imo,
1142 1575 1294 1609 quatenus
1310 1574 1409 1609 potest
1423 1580 1429 1597 2
1455 1567 1502 1597 vel
1518 1567 1608 1597 ctiam
1621 1578 1708 1609 posse
1724 1578 1779 1608 per
1791 1574 1889 1597 totum

1055 1622 1117 1640 sese
1143 1610 1325 1647 diffundere,
1350 1610 1475 1652 quando
1497 1609 1607 1640 scilicet
1630 1610 1786 1651 quantitas
1810 1609 1891 1652 prior

1054 1653 1240 1684 extenditur.
1285 1653 1399 1684 Dicent
1423 1653 1503 1684 enim
1526 1653 1664 1690 forsitan,
1684 1652 1890 1683 extensionem

1054 1708 1114 1726 non
1131 1709 1194 1727 esse
1209 1697 1304 1739 ipsam
1328 1696 1452 1739 proprie
1471 1696 1691 1738 quantitatcm3
1717 1695 1768 1726 sed
1792 1707 1888 1737 quan-

1055 1739 1149 1770 titatis
1164 1739 1334 1782 passionem
1355 1747 1447 1781 atque
1470 1739 1615 1769 modum:
1641 1740 1744 1780 itaque
1767 1738 1889 1780 quanti-

1054 1789 1147 1813 tatem
1169 1783 1297 1813 eandem
1320 1783 1406 1824 quasi
1430 1782 1585 1812 materiam
1603 1782 1700 1812 varios
1716 1782 1891 1812 extensione

1054 1825 1161 1856 modos
1175 1826 1321 1868 accipere.
1368 1825 1607 1867 Responsioncm
1629 1824 1778 1866 ejusmodi
1796 1824 1891 1855 Ploti-

1055 1880 1112 1899 nus
1134 1869 1188 1906 ait,
1205 1880 1265 1899 non
1290 1881 1352 1899 esse
1368 1876 1477 1905 tutam,
1495 1868 1547 1898 ubi
1569 1867 1741 1909 assignatur
1759 1868 1798 1898 ab
1821 1867 1888 1905 illis,

1054 1912 1107 1953 qui
1124 1911 1212 1953 plura
1227 1923 1355 1954 corpora
1370 1911 1443 1941 dum
1462 1911 1626 1941 miscentur
1643 1922 1764 1941 servare
1784 1910 1890 1941 dicunt

1054 1955 1163 1996 prioris
1179 1955 1357 1985 substantiae
1372 1955 1501 1984 formam
1515 1962 1545 1984 ct
1560 1953 1748 1996 qualitatem.
1797 1954 1890 1984 Tunc.

1053 1998 1132 2028 enim
1165 1998 1325 2028 minimum
1356 2009 1467 2039 corpus
1495 1997 1570 2027 dum
1603 1997 1731 2039 priorem
1759 1997 1889 2027 servabit

1054 2041 1194 2078 formam,
1210 2042 1311 2071 forsan
1335 2052 1395 2071 non
1419 2040 1531 2082 poterit
1553 2040 1592 2070 ad
1616 2039 1740 2070 maximi
1764 2039 1889 2070 modum

1054 2084 1194 2114 funditus
1217 2083 1389 2125 quantitate
1415 2083 1573 2125 protendi:
1600 2082 1645 2113 sin
1671 2091 1774 2113 autem
1801 2082 1889 2113 aliam

1053 2127 1201 2169 acceperit
1218 2128 1359 2164 formam,
1376 2126 1450 2156 nihil
1466 2126 1578 2156 mirum
1599 2134 1628 2156 et
1651 2126 1740 2156 aliam
1756 2125 1890 2168 accipere

1054 2170 1255 2211 quantitatem
1268 2182 1273 2199 z
1300 2169 1376 2200 sicut
1392 2169 1517 2211 quando
1532 2181 1568 2199 ex
1586 2180 1667 2210 aqua
1682 2170 1716 2199 fit
1731 2173 1792 2199 ae'r.

1056 2258 1194 2283 Discus-sio
1220 2258 1371 2292 opinionum
1394 2257 1425 2283 (Ie
1448 2257 1577 2285 nlla-tione,
1595 2257 1621 2282 ιἰι
1645 2266 1696 2292 qua
1717 2257 1822 2283 videtur
1842 2266 1889 2291 np-

1093 2298 1216 2332 ynvbarc,
1231 2298 1258 2323 in
1275 2298 1394 2323 mistione
1406 2296 1527 2332 perfecta
1544 2300 1629 2323 totum
1645 2306 1739 2332 corpus
1759 2298 1891 2331 utrimque

1095 2337 1222 2373 cotgszmdi
1234 2347 1282 2372 per
1298 2341 1390 2364 totum.

1099 2385 1144 2414 II.
1171 2385 1208 2414 In
1225 2383 1359 2414 secundo
1374 2382 1473 2425 capite
1486 2390 1593 2419 tentat,
1607 2382 1682 2424 quid
1699 2383 1889 2423 potissimum

1054 2427 1084 2457 in
1101 2427 1147 2457 his
1162 2426 1408 2457 dubitationibus
1424 2426 1460 2455 sit
1476 2425 1651 2456 dicendum.
1698 2425 1803 2456 Primo
1825 2425 1891 2467 qui-

1055 2469 1123 2499 dem
1155 2470 1277 2500 videtur
1306 2468 1480 2505 concedere,
1511 2468 1663 2510 liquidum
1697 2480 1808 2510 corpus
1838 2480 1891 2510 per

1054 2512 1136 2542 aliud
1155 2520 1220 2543 tum
1237 2512 1372 2548 materia,
1386 2520 1451 2542 tum
1465 2511 1613 2553 qualitate
1628 2511 1750 2553 penitus
1762 2511 1889 2552 ingredi.

1057 2555 1134 2585 sicut
1159 2567 1213 2597 per
1237 2555 1418 2597 bombycem
1442 2566 1533 2596 aqua.
1580 2556 1688 2595 Atque
1714 2565 1800 2596 posse
1825 2560 1890 2594 post

1056 2598 1205 2639 ejusmodi
1226 2598 1395 2628 mistionem
1417 2597 1458 2627 ibi
1482 2597 1724 2638 magnitudinem
1743 2596 1889 2637 aequalem

1057 2652 1120 2670 esse
1143 2647 1237 2681 atque
1262 2641 1358 2682 prius,
1382 2640 1550 2682 praesertim
1575 2639 1627 2669 ubi
1652 2638 1838 2679 ingrediente
1860 2637 1892 2667 li-

1057 2694 1152 2724 quore
1168 2683 1341 2713 subterfluit
1356 2688 1425 2713 aer:
1444 2694 1531 2724 posse
1546 2682 1636 2712 ctiam
1648 2680 1889 2722 magnitudinem

1114 2730 1222 2760 U112
