2201 2990
579 137 641 176 IN
673 137 780 176 LIB.
804 135 876 174 IX.
912 134 1166 173 ENNEAD.
1199 133 1500 174 SECUNDAE.

156 249 216 279 que
232 244 382 267 movetur.
423 235 473 265 Ex
489 234 577 275 cujus
592 232 752 275 perspicua
767 231 905 278 miraque
922 230 989 272 pul-

157 280 330 310 chritudine
345 279 431 309 decet
448 276 616 307 naturalem
632 275 727 317 ipsius
738 280 767 304 et
783 281 919 304 intimam
937 273 989 303 bo-

157 323 280 353 nitatem
308 320 496 352 existimare:
522 326 615 360 atque
639 329 676 348 ex
702 316 748 347 his
772 316 895 346 duobus
918 315 986 357 pul-

154 365 356 396 chritudinem
369 370 399 393 et
411 361 575 392 bonitatem
587 360 696 390 animae
709 359 888 401 conjectare.
912 359 987 388 l'ro-

155 409 224 439 inde
247 407 298 438 ubi
322 405 374 442 ait,
391 405 544 435 daemones
568 403 669 433 sentiri
694 414 791 444 posse,
807 410 900 442 atque
923 413 986 431 esse

154 449 388 493 pulcherrimos:
419 446 564 487 intellige,
591 446 692 476 sentiri
723 444 846 486 quidem
879 456 984 491 posse:

153 490 411 535 quemadmodum
432 490 461 520 in
486 489 563 519 libro
585 489 623 519 de
648 487 882 519 Pulchritudine
906 487 985 516 (hxi-

153 548 229 566 mus.
278 533 502 564 l’ulcherrimos
522 532 646 573 insuper
664 542 738 567 csse,
755 542 832 572 quos
848 531 987 571 Magnus

155 577 283 609 Basilius
307 577 401 607 bonos
426 575 561 605 nominat
587 575 720 615 angeloS,
748 573 893 603 habentes
919 585 985 603 cor-

152 632 225 664 pora
241 619 349 662 partim
366 619 465 661 ignea,
481 618 591 660 partim
611 617 703 654 aeria,
720 616 903 646 lucidissima
919 616 987 658 pul-

152 663 371 704 cherrimaque,
396 661 473 692 sicut
503 660 717 702 significaverit
744 659 846 689 David
871 659 984 693 diceus,

153 706 285 748 Angelos
302 705 359 735 Dei
377 704 528 734 ministros
543 715 606 734 csse
628 703 735 745 spiritu
752 709 846 744 atque
862 702 985 732 flamma

156 746 231 790 [Ed.
248 760 294 790 pr.
311 747 434 790 spiritus
449 754 541 788 atque
558 746 720 787 flammas}
769 745 817 775 Sic
835 757 908 775 errro
929 757 985 787 pu-

152 800 195 823 tat
220 791 349 822 Basilius
366 789 503 831 Angelos
524 789 714 820 commodius
733 796 852 819 mutare
883 800 985 826 ocum,

150 835 315 877 quiescere,
331 833 510 869 ministrare,
527 844 561 863 ac
579 832 642 862 sine
657 832 776 862 fallacia
798 831 935 861 sensibus
956 844 986 861 se

150 878 268 908 offerre.
313 876 453 907 Eandem
475 875 594 906 Psellus
614 875 719 905 asserit
736 874 878 916 Apostoli
896 874 985 905 Pauli

150 921 242 951 fuisse
265 919 454 950 senteutiam.
501 920 570 949 Hac
586 918 689 960 itaque
710 918 825 948 ratione
841 917 902 947 sive
925 917 986 948 da:-

149 974 252 994 mones
267 962 372 999 bonos,
389 962 451 992 sive
470 961 594 1003 angelos
617 961 773 991 nominare
793 960 898 997 mavis,
915 968 986 991 sunt

149 1006 178 1036 in
203 1005 381 1047 corporibus
408 1005 553 1035 beneficia
580 1004 655 1044 [Ed.
678 1016 723 1046 pr.
752 1004 898 1044 benefica]
930 1015 986 1034 nu-

148 1049 239 1086 mina,
256 1049 370 1078 honore
385 1047 534 1089 cultuque
548 1048 652 1089 aliquo
667 1047 771 1088 digna,
788 1058 823 1077 ex
847 1046 984 1077 Platoni-

148 1103 252 1123 corum
274 1091 422 1122 sententia
443 1090 532 1120 simul
554 1098 584 1121 et
607 1090 863 1125 Christianorum,
880 1098 986 1120 contra

148 1134 327 1165 sententiam
352 1134 580 1165 Gnosticorum.
627 1133 687 1171 Qui
705 1133 779 1163 dnm
796 1133 931 1163 benefica
946 1145 983 1163 ex

149 1177 265 1208 mundo
288 1177 414 1207 numina
430 1176 551 1213 tollunt,
568 1184 749 1218 pervertunt
764 1175 901 1206 ordinem
920 1176 984 1206 uni-

148 1221 225 1251 versi
239 1233 244 1250 :
262 1228 292 1250 et
307 1231 342 1250 ea
357 1220 412 1249 sibi
428 1219 569 1250 adimunt
584 1219 693 1256 media,
705 1231 759 1260 per
774 1231 844 1260 qua>
859 1220 985 1249 summis

148 1263 299 1294 conciliari
328 1262 487 1293 commode
517 1270 649 1304 possent.
699 1261 881 1292 Summatim
914 1273 984 1292 vero

147 1317 341 1348 quaecunque
372 1313 443 1335 sunt
472 1305 660 1335 extrinsecus
691 1317 722 1335 re
749 1317 818 1335 vera
846 1304 984 1346 pulchra,

148 1357 219 1380 sunt
240 1356 270 1379 et
296 1348 475 1379 naturaliter
496 1348 579 1378 intus
595 1348 692 1378 bona:
719 1347 869 1389 siquidem
886 1360 922 1378 ex
940 1348 984 1378 in-

148 1392 230 1423 timae
246 1392 353 1422 formae
368 1391 553 1433 perfectione
567 1398 660 1432 atque
676 1391 801 1421 victoria
818 1391 985 1421 seminariae

148 1435 272 1466 rationis
288 1446 379 1476 super
399 1434 555 1464 materiam
578 1434 717 1476 provenit
732 1441 858 1464 externa
874 1434 986 1463 formo-

148 1479 229 1509 sitas.
262 1479 308 1508 At
321 1477 342 1507 si
355 1477 457 1507 deficit
473 1477 586 1518 species
601 1477 718 1513 intima,
731 1484 803 1507 tunc
816 1488 862 1506 res
878 1476 942 1518 ipsa
954 1485 984 1508 et

147 1521 306 1551 deminuta
320 1528 364 1550 est
380 1520 409 1550 in
426 1519 613 1557 melioribus,
628 1520 659 1550 id
675 1527 730 1557 est,
745 1519 869 1556 intimis,
886 1526 915 1549 et
932 1519 982 1550 de-

146 1564 209 1594 ficit
232 1575 250 1594 a
273 1562 459 1600 melioribus,
476 1562 507 1592 id
530 1569 586 1601 est,
610 1563 649 1593 ab
673 1562 740 1600 illis,
765 1574 835 1604 quae
858 1570 929 1593 sunt
952 1563 981 1593 iu

146 1606 245 1648 gradu
270 1605 497 1648 praestantiora:
523 1617 578 1636 nee
608 1605 746 1636 absolute
770 1605 900 1647 pulchra
926 1613 981 1642 est,

147 1649 197 1680 sed
225 1648 454 1691 pulchritudine
477 1648 626 1679 mutilata.
674 1649 764 1679 Unde
789 1648 983 1690 Porphyrius

146 1693 311 1729 daemones,
337 1702 469 1732 quorum
499 1691 591 1721 animi
616 1699 689 1721 sunt
719 1691 827 1733 iniqui,
853 1703 981 1733 corpora

146 1747 270 1777 quoque
300 1734 371 1765 dicit
400 1734 512 1764 habere
542 1734 708 1764 deformia:
745 1746 877 1775 quorum
908 1746 981 1765 vero

147 1778 234 1819 probi
254 1785 325 1808 sunt
346 1776 448 1814 animi,
465 1788 594 1819 corpora
612 1777 737 1819 insuper
759 1789 822 1807 esse
838 1777 981 1808 formosa.

149 1822 192 1852 Et
208 1821 354 1862 Origenes
371 1832 408 1850 ex
431 1819 498 1850 luce
513 1820 682 1861 ordineque
704 1819 868 1850 caelestium
893 1832 983 1862 argu-

148 1871 311 1900 mentatur,
328 1862 452 1904 spiritus
471 1862 529 1893 illis
551 1863 647 1893 inesse
674 1864 742 1893 Deo
763 1863 984 1905 propinquiora

151 1906 227 1947 [Ed.
246 1917 290 1948 pr.
307 1906 566 1948 propinquiores]‚
583 1905 755 1948 lucidaeque
775 1905 983 1947 intelligentia¹

149 1956 315 1990 compotes,
328 1956 421 1989 atque
441 1960 500 1978 una
518 1960 588 1979 cum
605 1948 752 1990 Apostolo
776 1949 875 1979 Paulo
895 1949 980 1991 spiri-

150 2000 199 2022 tus
215 2003 233 2021 a
249 1992 317 2021 Deo
332 1991 420 2032 longe
436 1990 654 2032 degenerantes
665 1991 844 2033 corporibus
859 2003 897 2022 ex
913 1996 981 2023 a'ere

150 2033 312 2075 caliginoso
327 2033 473 2063 concretis
487 2034 624 2064 includit.
670 2035 814 2065 Profecto
829 2035 852 2065 si
872 2046 984 2077 corpus

150 2076 304 2118 dependet
325 2087 362 2106 ex
380 2075 490 2113 anima,
506 2076 649 2107 nimirum
665 2077 732 2108 talis
753 2077 896 2119 quaedain
916 2090 980 2108 cor-

152 2119 233 2162 poris
248 2118 405 2160 dispositio
426 2130 444 2148 a
466 2118 517 2149 tali
539 2120 672 2160 quadam
695 2121 853 2151 affectione
872 2121 982 2151 animae

153 2161 303 2206 provenit,
329 2161 391 2192 sive
417 2161 557 2199 naturali,
585 2162 647 2194 sive
671 2174 755 2195 more
784 2170 902 2195 naturae
928 2176 982 2206 per

1794 154 1872 192 357

1034 229 1172 259 habitum
1195 229 1258 270 jam
1283 236 1449 267 contracta,
1474 231 1536 261 sive
1560 232 1668 262 affectu
1696 241 1725 264 et
1750 235 1873 266 inclina-

1033 272 1114 301 tione
1140 271 1321 313 propensius
1343 273 1531 314 quandoque
1557 282 1721 316 eoucepta:
1748 288 1873 318 pracser-

1033 314 1085 344 tim
1104 314 1230 355 quando
1250 314 1369 356 corpori
1390 315 1557 356 primordia
1572 316 1696 354 dantur,
1713 327 1743 348 et
1766 332 1872 360 quam-

1031 356 1084 387 diu
1095 356 1220 398 insuper
1236 357 1431 388 incrementa.
1458 360 1580 400 Corpus
1593 359 1695 400 itaque
1708 361 1870 401 pulchrum

1032 399 1152 441 signum
1176 408 1221 430 est
1244 400 1353 430 anima?
1380 401 1529 442 pulchrze,
1553 401 1583 432 id
1608 410 1663 439 est,
1688 402 1870 436 harmonicae

1030 442 1153 484 penitus
1169 450 1262 484 atquc
1279 443 1418 480 lucentis,
1436 452 1464 474 et
1481 444 1605 474 omnino
1620 445 1697 475 bene
1712 447 1870 477 concinue-

1030 497 1091 527 que
1108 498 1138 516 se
1153 485 1304 523 habentis,
1317 494 1468 527 quantum
1486 495 1604 529 spectat
1621 496 1685 518 tum
1703 489 1741 518 ad
1758 490 1871 531 cogita-

1031 529 1154 566 tionem,
1175 529 1496 571 imaginationemque,
1514 538 1579 560 tum
1603 532 1641 561 ad
1664 532 1806 562 affectum
1824 545 1869 563 se-

1031 572 1252 613 minariumque
1272 580 1424 602 naturam.
1471 574 1581 615 Turpe
1598 585 1669 604 vero
1692 586 1803 616 eorpus
1826 584 1871 606 est

1029 615 1139 645 animae
1164 615 1374 657 incompositae
1398 616 1530 657 signum,
1555 624 1584 647 et
1608 617 1636 646 in
1661 617 1800 648 habitum
1823 619 1868 649 vel

1029 659 1172 688 affectum
1199 658 1354 688 dissonum
1374 659 1438 700 jam
1463 659 1623 701 prolapsae.
1669 662 1772 697 Quum
1798 673 1871 703 ergo

1028 701 1163 731 mundus
1183 701 1409 742 pulcherrimus
1432 702 1479 738 sit,
1497 702 1703 744 pulcherrima
1726 704 1815 734 simul
1840 713 1870 735 et

1027 744 1143 785 optima
1159 752 1203 774 est
1219 744 1319 774 anima
1336 744 1453 782 mundi,
1465 745 1662 787 similiterque
1679 746 1869 788 spha’rarum

1028 787 1138 817 animae
1153 787 1289 817 omnium
1306 795 1399 829 atque
1415 787 1558 819 siderum.
1606 789 1705 830 Apud
1723 801 1776 820 nos
1797 791 1867 832 qui-

1030 829 1098 860 dem
1124 838 1223 872 potest
1247 831 1336 867 forte,
1361 831 1412 861 sed
1437 842 1515 867 raro,
1540 831 1569 861 iu
1593 843 1720 874 corpore
1736 833 1870 863 formoso

1030 885 1094 903 esse
1116 873 1217 904 anima
1240 874 1269 903 in
1294 874 1456 915 praesentia
1479 886 1538 904 non
1558 875 1700 912 formosa,
1722 876 1867 917 quoniam

1030 916 1141 953 anima,
1160 928 1230 958 quae
1252 916 1292 947 ab
1315 916 1380 958 ipso
1401 918 1605 959 conceptionis
1629 918 1714 949 initio
1737 919 1870 950 formosa

1030 959 1100 996 fuit,
1123 967 1229 1001 postea
1252 959 1397 1001 paulatim
1425 960 1570 991 deformis
1592 961 1705 992 evasit:
1731 962 1782 992 sed
1806 974 1870 992 om-

1031 1002 1102 1032 nino
1117 1002 1246 1044 pulchra
1267 1009 1332 1033 erat
1355 1003 1522 1044 quondam,
1546 1004 1672 1045 quando
1691 1004 1792 1046 elegit,
1811 1017 1870 1036 coe-

1031 1046 1139 1086 pitque
1163 1045 1326 1087 pulchrum
1348 1058 1459 1088 corpus
1482 1046 1636 1088 effingere,
1660 1048 1717 1078 sub
1740 1048 1870 1089 pulchro

1031 1088 1127 1118 sidere
1138 1100 1260 1119 rursum
1276 1096 1369 1130 atque
1385 1089 1534 1120 [la-mone.
1571 1091 1674 1121 Potest
1692 1091 1765 1132 quin
1777 1091 1867 1122 etiam

1030 1143 1092 1161 esse
1108 1131 1209 1162 anima
1224 1131 1353 1173 pulchra
1373 1132 1526 1162 interdum
1545 1133 1573 1162 iu
1590 1145 1716 1174 corpore
1733 1145 1791 1164 non
1809 1134 1869 1164 for-

1029 1185 1131 1204 moso:
1158 1174 1203 1204 vel
1220 1174 1303 1216 quia,
1320 1187 1390 1216 qua:
1405 1175 1560 1216 quondam
1578 1176 1707 1217 pulchra
1723 1188 1781 1207 non
1799 1177 1868 1213 fuit,

1028 1217 1157 1258 pulchra
1173 1218 1294 1248 tandem
1309 1218 1403 1248 evasit
1417 1231 1422 1248 :
1442 1218 1487 1248 vel
1505 1219 1648 1260 quoniam
1664 1231 1744 1261 sa‘pe
1759 1220 1869 1251 animae

1029 1259 1166 1301 pulchrae
1183 1260 1315 1290 molienti
1334 1262 1499 1291 formosum
1518 1273 1628 1303 corpus
1644 1262 1797 1303 effingere,
1815 1263 1869 1293 im-

1029 1303 1239 1344 pedimentum
1262 1303 1419 1345 quoddam
1436 1315 1473 1334 ex
1495 1304 1552 1339 his,
1568 1316 1638 1346 qua¹
1659 1306 1868 1343 circumstant,

1028 1354 1058 1376 et
1087 1358 1159 1387 quae
1187 1346 1349 1377 confluunt
1379 1347 1518 1388 contigit,
1547 1347 1593 1377 vel
1622 1348 1782 1390 contingit.
1829 1350 1869 1380 At

1028 1388 1137 1419 anima³
1161 1389 1268 1420 mnndi
1296 1401 1395 1431 neque
1419 1390 1535 1420 accedit
1562 1391 1740 1432 quicquam,
1769 1403 1869 1434 neque

1029 1432 1154 1469 recedit,
1168 1444 1268 1474 neque
1279 1432 1381 1463 obstat
1397 1433 1661 1474 impedimentum.
1690 1435 1774 1465 Nihil
1788 1435 1868 1466 enim

1030 1474 1171 1505 universo
1187 1476 1246 1506 tale
1262 1482 1362 1518 potest
1377 1475 1522 1506 accidere.

1028 1563 1126 1589 Anima
1147 1567 1247 1594 nostra,
1270 1564 1332 1598 quia
1355 1567 1393 1590 est
1413 1572 1488 1589 soror
1507 1572 1602 1590 ηηιιηιΡ
1620 1566 1721 1596 mundi,
1740 1570 1829 1600 potest
1844 1570 1868 1593 et

1038 1603 1147 1638 satalia
1161 1613 1298 1639 superare,
1314 1607 1339 1630 et
1355 1604 1389 1629 ud
1406 1604 1477 1630 illius
1493 1604 1683 1631 beatitudinem
1696 1607 1841 1640 pervenire.

1072 1650 1155 1680 XX.
1182 1650 1242 1680 Ubi
1265 1650 1319 1686 ait,
1335 1650 1468 1680 animam
1492 1658 1625 1681 nostram
1651 1664 1714 1682 esse
1735 1664 1866 1684 sororem

1023 1692 1132 1723 animae
1160 1693 1267 1723 mundi
1291 1701 1385 1735 atque
1411 1693 1576 1724 caelestium
1600 1694 1782 1733 animarum,
1808 1708 1869 1727 me-

1025 1742 1138 1773 mento,
1149 1736 1281 1766 animam
1294 1735 1528 1767 intellectualem
1542 1748 1642 1778 neque
1658 1749 1720 1768 esse
1737 1746 1867 1780 partem,

1026 1789 1126 1820 neque
1141 1779 1256 1820 prolem
1273 1779 1438 1809 mundanae
1454 1780 1564 1810 animae
1581 1780 1786 1812 ca·lestiumve
1807 1782 1870 1813 ani-

1027 1833 1145 1851 marum
1160 1834 1165 1852 1
1191 1821 1263 1852 item
1284 1833 1372 1864 posse
1393 1822 1580 1864 quandoque
1595 1823 1633 1853 ad
1650 1835 1754 1855 earum
1771 1825 1868 1856 beati-

1028 1864 1165 1894 tudinem
1182 1865 1351 1906 pervenire,
1368 1865 1494 1906 fierique
1506 1866 1624 1896 illarum
1638 1867 1868 1908 quodammodo

1028 1907 1057 1936 in
1096 1908 1202 1938 mundi
1236 1908 1459 1949 gubernatione
1494 1908 1653 1950 collegam.
1714 1911 1868 1942 Praeterea

1025 1961 1112 1991 posse
1131 1962 1364 1992 nonnunquam,
1385 1951 1510 1992 quando
1532 1963 1563 1982 se
1586 1952 1692 1994 recipit
1713 1953 1742 1983 in
1766 1965 1796 1984 se
1819 1954 1866 1996 ip-

1026 2004 1100 2030 sam,
1118 1993 1224 2024 fatales
1247 1994 1325 2024 ictus
1347 2002 1401 2024 aut
1424 1994 1573 2031 minuere,
1590 2002 1644 2025 aut
1667 1996 1757 2026 etiam
1781 1997 1866 2028 devi-

1028 2043 1102 2066 tare.
1148 2036 1291 2078 Denique
1308 2048 1368 2067 non
1383 2037 1472 2067 licere
1488 2049 1524 2067 ex
1541 2037 1597 2068 hac
1620 2038 1777 2069 mundana
1797 2052 1865 2071 cus-

1027 2079 1109 2109 todia
1126 2079 1254 2109 vinculis
1270 2080 1298 2109 vi
1315 2079 1422 2110 solutis
1436 2079 1530 2117 abire,
1546 2092 1580 2110 ac
1596 2080 1695 2111 multo
1709 2082 1810 2114 minus
1820 2084 1866 2115 fas

1025 2133 1099 2159 esse,
1116 2122 1249 2154 caelestes
1264 2122 1399 2165 sphaeras
1415 2122 1462 2153 vel
1478 2123 1593 2154 animas
1608 2123 1755 2156 incusare.
