2201 2990
279 168 303 202 4
306 168 357 205 30
726 157 1151 197 ARGUMENTUM
1184 158 1412 198 MARSIL.
1443 158 1547 198 FIC.

278 261 366 280 men:
391 250 471 281 illius
501 251 624 293 quidem
655 253 839 284 foecunditas
868 254 899 285 in
931 254 987 285 hoc
1011 255 1114 286 evadit

276 294 448 335 progressio
472 294 611 336 plurima.
658 296 763 327 Virtus
782 296 863 327 illius
880 298 987 339 ingens
1009 298 1040 328 in
1056 298 1113 329 hoc

276 335 308 366 fit
326 336 427 378 ampla
442 337 606 369 dimensio:
631 347 717 370 actus
732 339 781 370 ille
798 348 924 381 vegetus
944 341 991 371 hic
1007 342 1113 372 transit

274 379 304 409 in
323 388 450 417 motum,
466 388 495 410 et
512 381 541 411 in
559 388 681 424 tempus
696 383 858 414 aeternitas.
904 384 953 413 Ex
971 383 1113 415 distantia

274 421 369 463 igitur
385 429 449 453 tum
464 423 581 459 formae,
599 432 664 455 tum
682 425 757 456 situs
772 425 922 456 discordia
938 427 1034 468 surgit
1048 440 1054 457 :
1073 439 1110 458 ex

274 465 421 496 divisione
437 478 508 496 vero
522 467 629 498 accidit
646 468 812 510 indigentia
826 481 831 498 :
854 481 890 499 ex
908 469 1046 510 utrisque
1060 481 1112 511 ap-

274 508 399 549 petitus,
423 516 453 539 et
477 517 587 547 motus,
605 518 634 541 et
656 511 796 552 impetus.
843 512 922 541 Cum
949 512 1027 541 enim
1049 520 1111 542 tota

275 558 384 581 natura
399 551 437 582 sit
453 563 470 582 a
485 552 576 590 bono,
593 553 723 595 ideoque
744 553 827 584 nulla
843 555 909 595 ejus
924 554 1052 584 intentio
1073 555 1109 585 sit

273 593 311 623 ad
336 593 462 632 malum,
484 595 534 625 sed
558 595 598 626 ad
621 596 754 626 boumn:
781 596 922 626 nimirum
948 608 995 627 res
1024 605 1111 627 natu-

274 635 350 667 rales
366 648 425 667 non
447 637 518 668 odio
534 638 611 669 inter
627 650 657 669 se
672 647 779 679 agunt,
799 647 832 669 ut
854 638 1012 669 destruant
1036 639 1108 669 alie-

274 690 348 709 num
363 692 370 710 z
394 680 445 712 sed
463 680 630 722 indigentia
647 689 676 712 et
698 693 800 711 amore
816 681 872 717 sui,
890 690 924 712 ut
941 694 971 712 se
987 682 1111 712 aliunde

273 730 392 752 servent
422 730 515 764 atque
544 724 689 754 reficiant.
735 726 814 754 Cum
839 735 910 753 vero
940 732 1049 754 natura
1078 725 1107 754 in

272 776 460 807 unoquoque
475 778 585 808 genere
600 767 708 808 prima,
722 774 867 808 tanquam
882 767 1109 798 foecundissima

272 819 327 849 per
343 820 373 838 se
388 808 478 839 faciat
493 809 522 839 in
538 821 573 839 eo
587 820 708 849 genere,
725 821 795 850 qnae
811 818 994 850 sequuntur,
1011 810 1109 840 multo

272 851 368 892 magis
382 851 510 882 essentia
525 851 647 892 vitaque
663 852 760 893 prima
780 852 865 882 nullo
881 860 993 894 praeter
1007 864 1105 883 essen-

272 893 372 924 tialem
384 893 476 924 vitam
490 894 673 924 adminiculo
685 894 812 935 indiget,
823 906 886 936 quo
899 907 998 925 rerum
1011 907 1108 926 essen-

273 936 328 966 tias
340 944 463 978 generet
480 945 573 977 atque
590 936 682 966 vitas:
701 937 751 967 sed
765 949 801 967 eo
817 938 882 979 ipso
898 938 1031 980 proprie,
1045 951 1108 980 quo

270 979 336 1020 ipsa
351 987 395 1009 est
413 979 557 1021 vivitque,
573 987 681 1009 cat-tera
700 979 781 1010 illinc
797 981 956 1011 essentiam
973 982 1106 1012 sortiun-

271 1030 322 1052 tur
337 1030 366 1052 et
382 1022 484 1052 vitam.
521 1022 612 1059 Quod
630 1022 652 1052 si
670 1034 724 1064 per
740 1023 969 1065 intelligentiam
983 1036 1108 1066 qnoque

270 1072 300 1094 et
327 1064 512 1094 voluntatem
544 1065 663 1095 dicatur
692 1066 819 1104 efficere,
843 1067 915 1097 nihil
948 1076 1108 1109 propterea

270 1107 350 1137 illinc
366 1107 556 1148 adjungitur.
604 1109 682 1138 Nam
701 1108 899 1149 intelligentia
914 1118 943 1140 et
966 1110 1107 1141 voluntas

269 1149 328 1179 illic
346 1157 388 1179 est
406 1150 470 1191 ipsa
492 1158 609 1181 natura.
657 1153 816 1188 Quatenus
839 1164 912 1194 ergo
935 1160 1044 1184 natura
1060 1155 1104 1183 fa-

269 1192 319 1229 cit,
344 1193 518 1223 necessitate
534 1192 623 1224 facit:
650 1203 802 1235 qnatenus
824 1207 894 1226 vero
916 1204 1024 1227 natura
1047 1196 1106 1227 illic

269 1234 466 1276 intelligentia
493 1245 548 1273 est,
572 1237 643 1267 facit
666 1246 695 1267 ct
719 1238 884 1268 voluntate.
931 1240 1010 1269 Cum
1036 1251 1107 1269 vero

268 1285 298 1307 et
322 1276 377 1319 per
398 1287 537 1309 naturam
561 1279 762 1310 voluntariam
788 1290 815 1311 ct
841 1293 894 1322 per
917 1282 1104 1312 voluntatem

269 1321 437 1351 naturalem
454 1330 535 1363 agat,
553 1322 693 1353 nimirum
710 1323 905 1364 inquisitione
920 1325 1106 1367 consilioque

269 1375 327 1393 non
346 1364 462 1405 indiget
478 1365 515 1395 ad
533 1366 697 1406 agendum.
745 1367 878 1397 Proinde
894 1367 916 1397 si
933 1368 992 1398 illic
1008 1380 1105 1398 essen-

270 1406 340 1436 tiam
354 1415 383 1437 et
394 1407 622 1448 intelligentiam
636 1409 750 1439 ratione
761 1409 945 1447 distinxeris,
956 1411 994 1441 ab
1007 1423 1105 1441 essen-

270 1449 310 1479 tia
334 1450 450 1480 videbis
473 1452 628 1481 materiam
654 1452 746 1493 liujus
770 1453 875 1483 mnndi
897 1454 1059 1495 profluere,
1077 1463 1105 1485 et

268 1493 307 1522 ab
336 1492 533 1534 intelligentia
558 1494 704 1525 sormam:
730 1504 758 1525 et
785 1496 860 1526 sicut
892 1498 1022 1527 essentia
1048 1497 1106 1528 illic

269 1535 421 1575 cogitatur
446 1536 551 1567 ordine
577 1538 710 1579 quodam
737 1538 965 1579 intelligentiam
989 1548 1106 1571 antece-

268 1578 350 1615 dere,
375 1578 417 1608 ita
439 1587 469 1609 et
500 1579 547 1610 liic.
579 1581 733 1611 materiam
758 1582 904 1623 cogitabis
936 1583 1106 1624 pram-edere

268 1622 407 1652 formam.
456 1622 515 1653 Sed
539 1623 617 1653 enim
645 1632 807 1666 antequam
835 1625 1032 1667 intelligentia
1056 1626 1105 1657 illa

268 1665 395 1694 formam
408 1665 542 1706 przebcat
555 1666 682 1703 mundo,
696 1679 871 1709 corpoream
885 1668 973 1709 longe
986 1669 1024 1699 ab
1041 1669 1105 1711 ipsa

268 1707 427 1738 distantem
447 1709 648 1750 propinquam
667 1710 721 1740 sibi
738 1711 858 1741 exhibet
877 1712 1100 1753 incorpoream:

267 1762 303 1780 ex
320 1751 383 1781 vita
399 1750 537 1782 videlicet
553 1764 607 1782 sua
624 1753 701 1783 inter
716 1754 873 1784 csstmiam
890 1763 919 1785 et
936 1754 1104 1794 intelligen-

269 1793 340 1823 tiam
353 1795 439 1835 quasi
451 1795 549 1825 media
561 1795 690 1826 animam
706 1796 811 1826 mundi
827 1809 997 1839 procreans,
1010 1799 1101 1828 vitam

267 1836 434 1877 vegetalem
458 1837 665 1879 intelligentia·
680 1848 862 1881 compotem,
879 1841 1007 1870 mediam
1025 1853 1102 1882 quo-

267 1891 327 1919 que
343 1879 421 1910 inter
438 1881 592 1911 materiam
607 1882 798 1923 formamque
814 1895 1006 1925 corpoream:
1026 1884 1102 1914 sient

267 1921 326 1952 illic
341 1922 402 1953 vita
418 1923 495 1953 inter
511 1925 667 1955 essentiam
689 1934 717 1955 et
742 1925 969 1967 intelligentiam
986 1927 1103 1958 obtinet

268 1965 419 1996 medium:
446 1968 553 2008 Atque
580 1967 643 1997 liare
674 1968 739 2009 ipsa
768 1969 845 1999 ratio
870 1977 914 1999 cst
945 1970 1103 2000 seminaria

268 2008 385 2044 mundi,
410 2016 439 2039 et
469 2010 555 2051 quasi
579 2010 734 2052 quoddam
761 2011 872 2042 divinae
896 2012 1103 2053 intelligentia*

269 2051 405 2087 verbum,
426 2064 488 2093 quo
504 2053 661 2084 verberata
683 2054 807 2084 materia
830 2055 1019 2086 mundanum
1037 2068 1101 2086 sus-

267 2093 346 2134 cepit
370 2103 521 2125 ornatum.
568 2097 620 2126 Tu
646 2108 717 2127 vero
742 2097 793 2127 ubi
826 2097 909 2138 legis,
933 2098 1104 2129 intellectus

269 2135 401 2166 infundit
427 2138 560 2169 materia?
580 2139 745 2170 rationem:
770 2151 899 2182 expone,
917 2141 1102 2172 intellectum

268 2189 328 2208 non
345 2186 463 2210 tantum
480 2181 577 2222 ipsum
592 2182 767 2224 simpliciter
779 2183 977 2221 intellectum,
992 2184 1042 2214 sed
1059 2185 1102 2215 in-

268 2220 422 2252 tellectum
450 2223 539 2253 etiam
577 2225 747 2262 animalem,
778 2226 932 2257 intellectu
964 2227 1101 2258 videlieet

268 2263 367 2304 primo
382 2264 555 2296 fornmtum.
604 2268 651 2297 Ab
667 2268 718 2298 illo
733 2269 812 2298 enim
830 2281 883 2311 per
903 2269 994 2307 hunc,
1011 2278 1039 2300 et
1063 2271 1102 2301 ab

268 2306 325 2336 hoc
348 2306 428 2336 illius
443 2308 556 2339 virtute
580 2310 711 2351 pullulat
734 2311 764 2341 in
788 2313 943 2342 materiam
968 2313 1104 2354 potentia

267 2349 418 2390 genitalis,
449 2351 488 2380 ab
518 2352 678 2394 utriusque
709 2355 837 2384 essentia
867 2355 1102 2397 dependentem.

271 2391 414 2422 Similiter
429 2392 487 2423 dici
509 2394 582 2424 solet
597 2407 602 2424 :
629 2396 679 2425 Sol
703 2405 827 2435 generat
843 2398 1003 2435 naturalia,
1019 2399 1103 2440 quod

269 2440 369 2464 tamen
392 2446 461 2465 cum
486 2435 599 2466 lumine
614 2437 686 2468 facit
708 2439 778 2468 inde
801 2448 954 2471 manante.
1000 2442 1102 2483 Atque

268 2477 309 2507 ibi
325 2477 379 2508 lux
396 2477 498 2507 solaris
514 2486 542 2508 et
566 2479 668 2509 lumen
685 2480 772 2510 simul
789 2482 853 2512 lia1c
869 2483 958 2514 efficit
979 2495 1033 2525 per
1055 2496 1103 2514 ca-

267 2520 373 2550 lorem.
423 2521 587 2562 Comparat
619 2534 690 2552 vero
719 2523 904 2554 intellectum
936 2532 1102 2567 utrumque

267 2562 409 2593 masculo.
456 2564 591 2594 Generat
607 2564 685 2594 enim
711 2573 743 2595 ut
767 2575 924 2607 separatus
946 2580 962 2597 a
987 2570 1100 2608 genito.

269 2605 449 2636 seminalem
476 2618 548 2637 vero
578 2607 685 2637 muudi
711 2615 849 2638 naturam
874 2608 1000 2640 virtute
1016 2612 1102 2643 semi-

269 2648 360 2679 nariae
390 2648 530 2679 masculi:
556 2657 686 2691 utraque
715 2650 794 2682 enim
824 2651 1004 2682 intrinsecus
1029 2654 1100 2694 agit.

268 2691 425 2722 Mundum
451 2703 522 2722 vero
550 2692 662 2734 genitae
688 2693 775 2735 proli.
823 2695 998 2736 Utrobique
1021 2697 1099 2726 enim

1156 256 1234 286 iuter
1256 267 1287 286 se
1304 256 1368 298 jam
1393 255 1556 286 distributa
1578 263 1649 286 sunt
1671 256 1817 292 membra,
1836 263 1866 286 et
1888 264 1989 299 partes

1151 299 1216 341 jam
1232 307 1447 340 repugnantes,
1462 310 1533 341 quae
1548 299 1577 329 in
1594 298 1706 329 semine
1723 298 1811 329 simul
1827 307 1924 337 erant,
1937 311 1990 331 ne-

1156 353 1216 383 que
1246 342 1436 383 pugnabant.
1481 343 1609 373 Constat
1638 341 1761 383 quidem
1793 342 1926 373 mundus
1951 355 1990 374 ex

1156 384 1342 422 necessitate,
1359 385 1390 415 id
1411 392 1466 422 est,
1484 384 1609 415 materia
1624 392 1654 415 et
1668 384 1789 416 defectu
1805 396 1841 416 ex
1864 386 1990 416 materia

1154 428 1360 468 contingente.
1406 428 1483 458 Item
1510 439 1548 458 ex
1571 427 1779 469 intelligentia,
1800 428 1831 458 id
1854 437 1909 464 est,
1926 428 1987 459 for-

1155 469 1225 500 mali
1240 470 1346 500 ordine
1360 470 1589 511 intelligentiam
1609 470 1767 502 referente.
1812 470 1989 502 Resolvitur

1154 512 1184 542 in
1207 520 1318 553 partes,
1335 512 1419 542 velut
1441 512 1573 550 intimas,
1588 513 1619 542 id
1642 521 1697 551 est,
1713 513 1744 543 in
1767 513 1923 544 materiam
1943 526 1988 545 ra-

1154 554 1328 595 tionemque
1351 554 1539 585 seminariam
1561 562 1591 585 et
1613 555 1781 587 formalem.
1827 557 1902 599 Ipsa
1916 569 1988 588 vero

1154 596 1263 626 animae
1278 596 1490 627 intellectualis
1514 597 1641 628 essentia
1657 609 1716 628 non
1732 606 1777 629 est
1796 610 1866 641 pars
1881 599 1988 632 intima

1156 639 1273 677 mundi,
1289 639 1341 670 sed
1357 640 1509 682 praesidet.

1156 726 1280 756 Quotam*
1303 731 1364 762 post
1386 728 1480 754 bonnm
1507 728 1606 758 numdi,
1631 728 1826 760 zntelleceualis,
1852 730 1985 761 animalis,

1192 768 1356 799 seminarius,
1376 768 1522 794 sensibilis:
1545 772 1570 794 et
1592 769 1721 804 quomodo
1736 769 1867 803 processio
1872 769 1929 806 fiat
1943 773 1986 796 ut-

1192 806 1390 842 quejmlicium.

1196 854 1262 884 III.
1289 854 1320 884 Si
1336 854 1410 895 quid
1427 855 1456 884 in
1474 855 1589 885 mundo
1611 855 1831 886 considerando
1845 863 1875 886 te
1893 856 1988 886 offen-

1152 896 1240 933 derit,
1258 896 1319 927 noli
1342 898 1443 927 Deum
1465 897 1612 935 incusare,
1629 897 1715 939 quasi
1731 897 1769 928 de
1789 898 1897 929 mundi
1916 910 1987 930 con-

1152 939 1317 970 structione
1347 951 1406 970 non
1436 940 1514 970 bene
1543 941 1757 971 consultaverit
1786 949 1816 972 et
1849 941 1984 983 elegerit.

1154 983 1223 1012 Non
1240 983 1318 1012 enim
1337 982 1461 1013 consilio
1480 983 1615 1023 indiget:
1641 983 1693 1014 sed
1708 984 1781 1014 facit
1803 984 1986 1015 sufficienter

1153 1025 1218 1067 ipsa
1235 1035 1352 1056 natura.
1399 1026 1509 1067 Neque
1530 1024 1668 1056 naturam
1692 1038 1797 1057 rursus
1818 1038 1940 1058 accuses
1953 1027 1985 1058 in

1152 1068 1251 1110 primo
1266 1080 1367 1099 rerum
1391 1068 1553 1110 principio.
1598 1070 1656 1099 Est
1679 1069 1758 1099 enim
1774 1070 1839 1111 ipsa
1854 1070 1983 1108 bonitas,

1151 1119 1180 1141 et
1204 1111 1338 1141 bonitate
1360 1123 1437 1152 opus
1461 1111 1597 1153 proxime
1614 1112 1687 1142 facit
1709 1112 1884 1154 simpliciter
1906 1113 1986 1155 opti-

1151 1165 1245 1189 mum,
1263 1154 1494 1185 intellectualem
1512 1154 1650 1185 videlicet
1673 1155 1834 1192 mundum,
1851 1163 1881 1186 et
1901 1155 1986 1187 hunc

1150 1197 1273 1238 quidem
1293 1197 1447 1239 proposito
1463 1197 1572 1239 primo.
1612 1197 1641 1227 Si
1659 1197 1738 1227 enim
1755 1197 1889 1229 bonitate
1900 1199 1983 1236 facit,

1150 1240 1220 1270 facit
1237 1248 1267 1270 et
1290 1240 1455 1271 voluntate.
1501 1240 1663 1270 Concurrit
1680 1252 1811 1282 namque
1834 1241 1863 1270 in
1886 1242 1985 1283 primo

1149 1294 1217 1313 cum
1235 1283 1370 1313 bonitate
1387 1283 1534 1313 voluntas.
1582 1283 1655 1313 Vult
1670 1294 1743 1325 ergo
1763 1283 1984 1325 intelligibilem

1149 1326 1299 1356 mundum
1318 1326 1414 1368 prima
1432 1328 1480 1364 (ut
1503 1326 1543 1356 ita
1559 1326 1702 1366 dixerim)
1720 1326 1893 1357 voluntate:
1922 1327 1985 1358 ani-

1149 1368 1256 1399 malem
1275 1381 1346 1399 vero
1369 1369 1530 1406 mundum,
1547 1369 1599 1410 qni
1623 1369 1765 1411 deinceps
1784 1381 1821 1399 ex
1842 1369 1985 1412 intelligi-

1148 1411 1199 1441 bili
1224 1412 1371 1453 seqnitnr,
1396 1412 1571 1442 necessitate
1591 1412 1818 1453 quodammodo
1833 1412 1910 1450 vult,
1934 1424 1985 1444 ne-

1149 1455 1285 1485 cessitate
1297 1458 1345 1494 (nt
1361 1455 1401 1485 ita
1414 1455 1558 1494 dixerim)
1575 1455 1814 1496 consequentiae:
1833 1467 1892 1486 non
1903 1456 1983 1487 enim

1150 1497 1220 1528 latet
1233 1498 1331 1539 ipsum
1344 1510 1380 1528 ex
1392 1509 1482 1539 opere
1493 1498 1591 1539 primo
1603 1498 1687 1539 sequi
1698 1498 1984 1541 secundutn,neque

1150 1552 1271 1570 rursum
1290 1541 1442 1582 reprobat,
1456 1541 1506 1571 sed
1525 1552 1583 1570 non
1598 1541 1707 1582 probat
1724 1549 1757 1571 ut
1770 1541 1912 1583 primum.
1938 1542 1983 1573 Si-

1150 1583 1260 1613 militer
1276 1583 1486 1614 intelleetualis
1502 1583 1550 1613 ille
1563 1583 1697 1614 mundus
1710 1595 1770 1614 non
1783 1583 1916 1621 consilio,
1930 1585 1982 1616 sed

1150 1634 1258 1656 natura
1280 1635 1405 1667 generat
1428 1627 1597 1657 animalem.
1644 1628 1747 1664 Quum
1773 1638 1843 1657 vero
1873 1635 1983 1658 natura

1148 1670 1215 1710 ejus
1238 1669 1435 1709 intelligentia
1454 1670 1501 1706 sit,
1519 1678 1547 1699 et
1564 1669 1761 1710 intelligentia
1777 1670 1815 1700 sit
1830 1671 1980 1708 voluntas,

1148 1712 1221 1742 dum
1239 1710 1346 1742 natura
1364 1713 1444 1748 facit,
1457 1712 1653 1753 intelligentia
1670 1712 1741 1743 facit
1756 1720 1785 1743 et
1803 1712 1980 1744 voluntate:

1148 1756 1255 1797 prima.
1268 1755 1401 1797 inquam,
1414 1755 1573 1785 animalem
1589 1756 1750 1792 mnndum,
1763 1764 1983 1797 consequenter

1147 1806 1248 1828 autent
1273 1807 1302 1828 et
1323 1798 1514 1828 seminarium
1532 1798 1560 1828 in
1578 1806 1688 1828 natura
1710 1798 1872 1835 mundum,
1888 1811 1981 1841 quem

1149 1841 1231 1871 novit
1247 1841 1284 1871 ad
1302 1841 1460 1871 animalem
1479 1841 1642 1871 necessario
1658 1841 1752 1882 sequi.
1797 1841 1915 1872 Eadem
1933 1853 1981 1872 ra-

1148 1884 1228 1914 tione
1242 1884 1378 1914 animalis
1389 1883 1532 1920 mundus,
1550 1884 1580 1914 id
1594 1893 1647 1920 est,
1658 1883 1868 1914 intellectualis
1880 1884 1980 1916 anima

1147 1927 1276 1957 naturali
1300 1927 1432 1969 quadam
1456 1926 1654 1967 intelligentia
1669 1935 1698 1957 et
1714 1926 1871 1958 voluntate
1886 1927 1979 1958 vitam

1145 1979 1280 2010 generat,
1305 1978 1506 2011 naturamque
1535 1969 1714 2011 genitalem:
1740 1969 1890 2000 mundum
1921 1971 1978 2001 sci-

1147 2013 1215 2043 licet
1239 2013 1430 2043 seminarium
1448 2012 1608 2053 vestigium
1634 2012 1773 2043 ultimum
1794 2012 1979 2044 divinorum.

1149 2056 1333 2086 Necessitate
1350 2067 1420 2085 vero
1443 2055 1666 2097 consequentia¹
1680 2067 1792 2096 genera
1808 2063 1837 2086 et
1853 2056 1979 2087 sensibi-

1148 2098 1204 2128 lem
1233 2098 1270 2128 ad
1297 2098 1488 2129 seminarium
1512 2107 1765 2140 consequentem:
1795 2110 1980 2141 consequen-

1147 2149 1218 2177 tem,
1236 2142 1371 2183 inquam,
1388 2153 1423 2171 ex
1449 2141 1607 2171 seminario
1629 2149 1732 2172 utente
1752 2141 1791 2172 ad
1814 2141 1896 2172 hunc
1918 2141 1980 2172 effi-

1146 2184 1286 2214 ciendum
1312 2185 1375 2226 ipsa
1398 2184 1548 2214 duntaxat
1565 2184 1644 2214 vita:
1671 2195 1729 2214 non
1745 2191 1846 2215 autem
1868 2184 1979 2215 intelli-

1145 2227 1247 2267 gentia
1269 2227 1315 2257 vel
1340 2227 1506 2263 voluntate,
1529 2239 1591 2268 qua
1619 2235 1709 2257 caret.
1756 2227 1806 2257 Ita
1831 2227 1911 2258 enim
1933 2228 1978 2258 vi-

1146 2267 1245 2300 rendo
1261 2270 1333 2300 facit
1349 2270 1425 2300 sicut
1442 2277 1469 2299 et
1493 2270 1593 2299 anima
1608 2269 1828 2307 intellectualis,
1844 2278 1874 2301 et
1893 2270 1980 2301 intel-

1146 2312 1241 2343 lectus
1270 2313 1387 2355 primns
1408 2312 1470 2353 agit
1500 2312 1706 2354 intelligendo,
1731 2320 1824 2354 atque
1849 2312 1977 2343 vicissim

1146 2356 1186 2386 sie
1214 2355 1392 2386 naturaliter
1421 2355 1590 2385 intellectus
1618 2355 1814 2397 intelligendo
1837 2355 1918 2393 facit,
1948 2363 1977 2386 et

1146 2410 1228 2429 more
1254 2406 1382 2435 naturae,
1406 2398 1483 2428 sicut
1507 2406 1615 2428 natura
1639 2398 1769 2428 vivendo
1792 2405 1926 2439 generat,
1947 2405 1976 2428 et

1145 2441 1251 2471 ordine
1266 2441 1472 2482 intelligentiae
1488 2441 1626 2471 fabricat.
1674 2441 1725 2471 Tu
1743 2441 1845 2482 itaque
1864 2439 1923 2470 noli
1938 2451 1976 2470 ex

1146 2484 1263 2514 mundo
1285 2483 1414 2514 sensibili
1439 2483 1605 2514 mirabilem
1621 2483 1715 2525 ipsius
1733 2483 1814 2521 boni,
1831 2482 1876 2512 vel
1891 2482 1977 2512 intel-

1147 2526 1241 2557 lectus
1263 2527 1343 2568 puri,
1368 2526 1413 2556 vel
1438 2526 1607 2557 intellectus
1636 2525 1772 2556 animalis
1797 2524 1974 2555 dio-nitatem

1146 2581 1270 2610 prorsus
1286 2570 1434 2600 aestimare
1450 2578 1542 2610 atque
1563 2568 1767 2610 perpendere:
1792 2578 1822 2597 se
1858 2577 1894 2596 ex
1910 2577 1976 2596 sen-

1145 2612 1222 2642 sibili
1237 2613 1372 2653 conjecta
1387 2611 1536 2642 seminarii
1552 2611 1741 2653 dignitatem,
1756 2621 1793 2640 ex
1809 2608 1864 2638 hoc
1884 2616 1972 2655 natu-

1145 2665 1207 2684 ram
1223 2655 1344 2692 animae,
1360 2662 1389 2685 et
1405 2666 1441 2685 ex
1458 2654 1557 2684 anima
1573 2653 1776 2684 excellentiam
1802 2658 1919 2696 inentis,
1936 2663 1974 2682 ex

1145 2704 1245 2727 mente
1269 2697 1401 2739 denique
1426 2697 1548 2727 bonum.
1596 2697 1679 2726 Tum
1706 2705 1776 2723 vero
1803 2704 1832 2722 111
1858 2693 1974 2724 mundo
