2201 2990
259 143 295 174 xl
761 139 1154 174 PROLEGOMENA
1181 139 1473 174 LITERARIA

263 240 322 273 lib.
343 239 406 273 IV.
434 250 507 284 cap.
528 242 584 273 30.
603 250 678 284 sqq.
706 241 933 284 posteriorem
954 250 1036 273 vero
1053 251 1072 272 e
1089 239 1250 282 pluribus
1276 239 1456 283 particulis
1475 239 1552 284 jam
1572 239 1726 284 vulgatis
1744 238 1852 273 fuisse
1877 241 1997 284 cogni-

265 303 337 332 tam
361 295 533 345 [coactam
552 309 579 331 s.
598 305 799 343 congestam
812 296 849 342 Ρ]
904 297 1014 330 Plura
1040 297 1161 340 scripsi
1190 297 1225 329 in
1250 296 1445 330 Introduct.
1472 298 1494 330 1.
1513 308 1541 330 c.
1569 308 1603 340 p.
1623 299 1704 333 275.
1732 295 1852 331 Harl.
1908 297 1995 343 [Sed

265 356 403 389 laudari
427 361 545 389 tamen
572 367 592 389 a
618 356 846 399 scriptoribus
866 354 1000 388 Graecis
1027 355 1196 387 nonnulla
1223 358 1257 387 et
1283 355 1413 398 passim
1437 355 1542 388 etiam
1568 356 1604 388 in
1630 355 1727 388 codd.
1747 356 1995 399 manuscriptis

266 414 422 457 reperiri,
442 425 522 458 quae
541 414 577 447 in
597 413 826 446 Enneadibus
845 412 978 446 frustra
996 423 1145 455 quaeras,
1164 411 1246 444 hinc
1269 412 1350 445 inde
1373 412 1411 445 in
1434 417 1569 446 annott.
1589 413 1625 446 in
1643 412 1777 446 Plotini
1803 413 1910 447 libros
1937 414 1995 447 de-

265 472 552 506 monstravimus.
583 468 667 514 Cr.]

267 571 314 604 X.
343 570 573 604 INDICULUS
602 577 863 602 SCRIPTORUM
893 578 945 601 ET
974 577 1166 601 VIRORt'M
1196 577 1455 603 ILLUSTRIUM
1475 580 1502 603 A
1520 569 1710 602 PLOTINO
1740 578 1995 603 MEMORATO·

860 635 951 660 RUM
972 635 1269 660 CONCINNATUS
1289 636 1315 658 A
1335 635 1407 658 ΜΕ.

802 699 853 729 Ad
869 700 1013 743 paginas
1035 699 1180 729 editionis
1205 699 1464 730 Graco-Latinoe.

266 761 514 806 AEgyptiorum
535 761 709 804 sapientes
728 764 763 793 et
783 760 1062 806 Hieroglyphica
1080 772 1113 804 p.
1129 763 1213 797 547.

264 818 498 863 Anaxagoras
519 817 599 851 162.
620 820 703 851 450.

264 875 474 910 Aristoteles
493 879 550 913 97.
572 878 652 913 174.
672 878 753 913 490.
781 877 975 910 entelechia
993 876 1074 911 361.
1100 878 1148 921 (et
1168 876 1261 920 apud
1282 875 1411 914 Euseb‚
1430 875 1515 909 XV.
1537 878 1590 909 10.
1610 876 1812 920 praeparat.)
1836 877 1996 910 doctrina

314 935 357 967 de
375 935 491 967 deceni
512 935 794 978 praedicainentis
813 934 896 968 566.
915 946 966 979 sq.

266 992 439 1034 (Διονύσου
455 990 646 1037 κάτοπτρον
666 994 763 1035 381.)

267 1050 496 1094 Empedocles
518 1049 598 1083 162.
619 1049 702 1083 468.
724 1052 805 1087 459.
826 1052 907 1087 473.
927 1052 1009 1088 490.

266 1108 443 1152 Epicurus
464 1110 546 1141 213.
600 1109 852 1152 perstringitur
869 1113 903 1141 et
922 1118 1108 1151 suppresso
1127 1107 1267 1139 nomine
1286 1109 1367 1139 230.
1388 1108 1469 1143 457.
1489 1118 1539 1151 sq.

266 1166 402 1200 Fabula
420 1164 563 1210 Ulyssis
582 1168 639 1202 57.
692 1167 733 1199 de
763 1166 909 1203 Helena,
938 1166 1065 1198 Paride
1092 1169 1125 1197 et
1154 1164 1340 1197 Idomeneo
1361 1167 1441 1200 274.
1495 1165 1660 1198 Thersite
1679 1168 1761 1202 257.
1817 1165 1993 1212 Πριαμικαὶ

315 1223 422 1270 Τάχω
444 1227 502 1257 32.
555 1225 597 1257 (1(ι
617 1224 827 1257 Pronwtlieo
846 1230 880 1258 ct
900 1223 1110 1268 Epimetheo
1130 1225 1210 1255 383.
1264 1223 1306 1255 (le
1326 1222 1435 1255 Pcnia
1461 1228 1495 1256 et
1521 1223 1612 1256 Poro
1642 1223 1699 1267 (ex
1720 1224 1878 1257 Platonis
1905 1225 1996 1259 Con-

315 1283 410 1315 vivio
437 1294 469 1326 p.
490 1282 587 1324 328.)
619 1285 700 1318 317.
722 1285 803 1319 290.
822 1294 872 1326 sq.
924 1284 967 1316 de
988 1282 1151 1320 Hercule,
1178 1281 1270 1324 apud
1300 1280 1428 1313 inferos
1456 1282 1699 1314 reminiscente
1719 1284 1800 1318 392.
1821 1282 1902 1319 396.
1955 1285 1996 1317 de

314 1341 468 1374 Saturno
487 1341 596 1385 ligato
616 1343 697 1373 554.
738 1342 780 1374 de
798 1339 979 1381 ἁναβιὶσεσι
1000 1341 1197 1374 aniliiarum
1217 1351 1259 1372 ex
1278 1340 1406 1382 spelaeo
1426 1341 1508 1372 203.
1545 1337 1588 1372 τὰ
1606 1341 1767 1385 μυστήρια
1786 1340 1835 1372 καὶ
1855 1342 1886 1373 οἱ
1902 1343 1993 1379 μῦθοι

315 1399 386 1445 περὶ
408 1400 483 1432 θεῶν
502 1398 700 1431 αἰνίττονται
722 1401 803 1436 489.

264 1459 281 1491 ὁ
302 1457 497 1503 Γεωμέτρης·
528 1457 726 1500 (Euclides)
750 1459 831 1491 481.

267 1516 468 1548 Heraclitus
487 1517 544 1552 97.
566 1514 650 1548 468.
672 1517 754 1551 473.
776 1517 856 1552 490.

265 1574 500 1617 Hippocrates
519 1575 601 1609 738.

266 1631 443 1664 Homerus
464 1631 495 1673 (ὁ
515 1632 663 1674 ποιητής)
687 1634 718 1667 7.
739 1634 820 1668 527.

268 1690 353 1729 Lex,
372 1688 533 1736 σώζεσθαι
554 1689 585 1721 ἐκ
605 1689 753 1728 πολέμων
773 1689 856 1736 φησὶ
875 1688 935 1722 δεῖν
953 1690 971 1722 ὁ
991 1688 1085 1728 νόμος
1104 1686 1160 1721 (1νῖ1
1183 1685 1353 1734 ιζομιῗνους,
1372 1687 1449 1719 ἀλλ’
1467 1687 1520 1719 οὐκ
1539 1687 1721 1732 εὐχομένους
1742 1686 1822 1721 261.

266 1748 443 1793 (Lynceus
463 1749 561 1791 545.)

266 1806 365 1851 Magi
385 1803 524 1844 δυνάμεις
544 1803 675 1848 hid-«saw
693 1807 774 1838 382.
797 1807 878 1842 479.
898 1810 932 1838 et
951 1806 1099 1848 ’γοήτειαι
1120 1805 1202 1838 434.
1222 1816 1272 1847 Sq.
1326 1805 1342 1841 ἡ
1362 1802 1476 1849 θεωρία
1494 1802 1695 1846 &clebrem-09
1716 1805 1797 1836 438.

266 1864 384 1897 Minos
403 1863 556 1909 ὀαριστὺς
577 1862 654 1897 Διὸς
674 1862 755 1899 763.
775 1875 825 1907 sq.

266 1922 450 1966 Blysterla„
471 1921 501 1953 οἶ
519 1918 621 1953 πάλαι
642 1921 749 1967 σοφοί
766 1921 796 1953 ἐν
814 1925 962 1955 τελεταῖς
982 1923 1064 1954 321.
1085 1923 1166 1954 380.
1187 1922 1267 1956 547.

263 1980 457 2013 oraculum
477 1978 559 2011 θεοῦ
577 1979 837 2024 παρακέλευσμα,
857 1978 968 2014 αὐτοὺς
987 1980 1152 2023 ’γινώσκειν
1171 1980 1253 2014 371.
1274 1979 1355 2014 733.
1397 1975 1645 2022 ἀναπόδραστυς
1663 1976 1680 2007 ὁ
1700 1977 1780 2009 θεῖος
1800 1975 1893 2014 νόμος
1912 1979 1993 2015 389.

314 2038 392 2070 Ossa
413 2039 504 2083 φήμη
524 2035 725 2082 ’Ᾱῖῗριῖστεια
746 2036 827 2070 262.

265 2097 492 2129 Parmenides
512 2098 593 2132 489.
613 2107 662 2139 sq.
717 2097 858 2129 nomine
875 2095 1097 2129 dissimulato
1116 2093 1198 2127 648.

266 2154 481 2196 (Phalaridis
501 2158 623 2186 taurus
644 2155 716 2197 37.)

266 2212 484 2256 Pherecydes
504 2214 586 2248 491.

265 2270 419 2311 (Phidiae
437 2270 579 2313 Jupiter
599 2271 698 2311 542.)

265 2327 357 2363 Τινὲς
374 2330 437 2361 τῶν
456 2328 598 2373 αρχαῖων
617 2328 665 2359 κη’1
686 2327 846 2372 μακαρίων
865 2326 1065 2372 φιλοσόφων
1084 2327 1166 2359 325.

264 2386 367 2419 Plato
391 2384 423 2419 6.
448 2388 506 2418 21.
532 2388 589 2418 38.
613 2388 670 2422 97.
695 2388 754 2422 99.
776 2387 856 2417 100.
880 2387 960 2420 101.
984 2386 1063 2421 109.
1085 2386 1165 2416 145.
1185 2381 1268 2415 164.
1294 2384 1375 2415 203.
1397 2383 1480 2414 204.
1501 2383 1582 2414 215.
1603 2383 1685 2417 292.
1705 2379 1787 2418 296.
1810 2383 1891 2414 313.
1911 2383 1992 2418 329.

314 2446 396 2477 338.
424 2446 506 2480 357.
535 2442 618 2476 364.
647 2445 729 2479 372.
754 2444 836 2474 404.
863 2444 946 2478 473.
973 2444 1054 2479 489.
1079 2443 1160 2478 491.
1185 2439 1267 2473 546.
1292 2442 1375 2476 594.
1400 2442 1481 2476 595.
1502 2438 1584 2471 614.
1605 2437 1686 2471 616.
1707 2437 1788 2475 674.
1809 2437 1890 2476 698.
1910 2441 1991 2475 717.

314 2504 396 2539 729.
412 2504 495 2538 753.
515 2506 549 2534 et
568 2501 697 2533 omisso
717 2501 856 2533 nomine
876 2502 908 2535 7.
929 2503 961 2531 8.
982 2502 1038 2536 74.
1060 2501 1117 2535 75.
1138 2497 1195 2535 76.
1216 2501 1272 2534 77.
1295 2500 1375 2530 144.
1396 2500 1478 2535 259.
1499 2500 1582 2530 283.
1603 2499 1684 2529 284.
1705 2499 1788 2529 285.
1809 2498 1890 2532 287.
1911 2498 1992 2529 315.

314 2562 397 2597 337.
415 2561 499 2596 347.
521 2558 603 2592 356.
624 2560 706 2591 385.
726 2560 807 2594 417.
828 2559 910 2593 470.
930 2555 1012 2590 615.
1032 2555 1114 2590 688.
1135 2555 1216 2593 690.
1236 2558 1318 2592 708.
1340 2558 1422 2591 721.
1442 2558 1525 2592 727.
1546 2557 1627 2591 732.
1649 2557 1730 2591 739.
1758 2554 1775 2585 ὁ
1795 2556 1876 2587 Θεῖος·
1896 2551 1993 2586 Πλά-

313 2633 376 2652 των
394 2615 507 2650 πολλὰ
527 2619 685 2662 πολλαχῆ
704 2616 778 2661 περὶ
796 2615 912 2660 ἔρωτος
931 2612 1074 2660 ’γράψας
1093 2617 1174 2652 291.
1226 2612 1339 2646 πολλά
1358 2629 1396 2646 τε
1417 2613 1467 2646 καὶ
1486 2611 1569 2645 καλὰ
1589 2612 1661 2657 περὶ
1682 2610 1792 2656 ψυχῆς
1816 2609 1884 2643 εἶπε
1909 2610 1991 2649 469.
