2201 2990
226 135 338 166 cxxxiv

760 136 1134 167 ANNOTATIONES
1160 136 1210 167 IN
1236 136 1433 168 PLOTINI

231 231 299 250 mus
321 231 390 250 cum
408 220 528 251 Fabric.
566 221 705 263 Respicit
724 228 826 252 autern
844 222 999 264 Porphyr.
1024 234 1069 252 vs.
1087 223 1113 250 A
1132 233 1269 252 summus
1285 234 1322 252 ex
1338 222 1385 252 his
1403 222 1565 264 Porphyrii
1583 223 1682 254 verbis
1698 223 1844 255 excidisse
1860 224 1889 254 in
1906 236 1972 255 ora-

235 281 280 309 19.
298 271 433 303 Oraculi.
465 273 518 304 Cr.

274 333 304 364 p.
321 321 426 353 lxxvii.
440 322 464 354 b.
489 324 561 354 οὕτω
583 324 612 354 δὲ
628 323 758 362 μάλιστα
772 325 862 365 τούτῳ
879 326 916 365 τῷ
935 325 1071 365 δαιμονίῳ

232 373 445 413 φωτὶ-ἐφάνη
463 375 571 407 ἐκεῖνος
587 377 601 405 ὁ
619 375 698 417 θεὸς]
724 375 866 405 Ficinus:
893 380 912 393 ⁶·
925 376 994 405 Hac
1014 375 1069 415 igi-

232 430 283 453 tur
305 424 432 462 ratione,
455 425 508 455 Ῐιοε
530 427 615 456 heato
641 426 767 456 lumine.
813 427 929 456 Contra
952 426 1071 467 Engel-

232 473 338 506 hardt:
353 476 420 506 dem
430 477 615 518 goettle‘clzen
627 477 749 506 sslamze
762 477 883 515 (divino
895 477 967 507 kuic
979 478 1071 516 viro).

232 525 324 562 Quod
339 526 466 557 fortasse
481 538 587 557 verum
603 534 658 557 est.
705 528 785 557 Nam
804 527 834 557 in
853 528 989 558 versibus
1004 540 1071 558 ora-

1131 272 1200 303 culo
1216 285 1348 309 versum,
1365 273 1418 315 qui
1440 273 1590 304 interioris
1609 275 1829 317 exteriorisque
1844 275 1975 306 intuitus

1131 324 1314 354 mentionem
1333 324 1468 355 haberet.
1513 325 1668 367 Equidem
1692 338 1785 368 supra
1807 326 1844 357 ad
1863 338 1906 358 vs.
1925 326 1973 357 28.

1133 377 1198 406 οὐδὲ
1214 377 1248 406 σὲ
1266 376 1420 414 παμπήδην
1431 376 1595 415 βλεφάρων
1607 377 1658 416 ἔχε
1674 377 1795 416 νήδυμος
1807 379 1895 410 ὕπνος
1907 388 1974 408 sum

1133 427 1304 468 suspicatus
1319 427 1400 457 huuc
1418 427 1501 468 tangi
1518 427 1575 458 hoc
1591 427 1657 458 loco
1672 440 1689 458 a
1706 429 1892 470 Porphyrio.
1924 428 1976 458 Vi-

1133 478 1233 508 derint
1249 478 1438 508 oculatiores.
1487 479 1631 508 Ceterum
1653 479 1691 509 de
1715 479 1771 510 hoc
1790 479 1905 522 duplici
1927 480 1973 510 in-

1134 530 1214 560 tuitu
1232 530 1345 560 multos
1362 529 1440 560 locos
1455 530 1616 569 congessit,
1629 541 1684 560 nec
1697 530 1790 560 nostri
1806 531 1976 568 immemor,

232 576 304 614 culi,
320 589 398 619 quos
414 577 462 608 hic
477 577 599 619 respicit
615 577 808 619 Porphyrius
828 588 962 617 19—-22‚
975 579 1072 618 φάνθη
1091 584 1114 611 Β
1136 582 1229 623 Casp.
1244 581 1350 611 Barth.
1367 583 1489 611 Averss.
1505 581 1673 611 XLVIII.
1684 591 1713 621 5.
1730 592 1762 623 p.
1774 590 1866 622 2253.
1902 581 1976 612 Alia

232 627 364 658 refertur
378 628 416 658 ad
438 629 588 667 σκαίροντι
606 628 745 669 adeoque
767 629 806 659 ad
823 629 992 660 Plotinum.
1030 631 1074 660 Et

231 686 351 720 poterat
368 679 561 721 Porphyrius
582 679 610 709 111
627 679 809 721 explicando
823 684 963 722 poemate
979 681 1076 722 po'e'ti-

232 741 300 760 cum
318 729 447 760 colorem
464 730 608 760 inducere
625 742 687 761 suae
703 731 842 766 orationi,
855 739 885 761 et
900 732 1075 761 memoriter

231 781 402 823 exprimere
417 781 567 823 ejusmodi
583 781 676 819 locos,
694 790 728 812 ut
745 782 855 824 OdySS.
870 781 907 812 α’.
920 792 993 822 324.
1012 784 1073 812 ἰσό-

233 836 298 865 θεος
312 835 384 873 φὼς,
400 840 455 863 aut
473 833 597 864 Pindari
614 834 703 863 Nem.
723 833 779 863 IV.
795 835 861 873 136.
874 845 917 874 sq.
934 835 997 872 (84.
1011 836 1073 875 sq.)

233 886 405 923 ἰσοδαίμονα
423 887 515 924 φῶτα.
556 885 618 914 Pro
635 884 771 923 ἐνάγοντι
787 884 852 914 Fic.
868 884 976 925 legisse
992 884 1074 914 vide-

1134 632 1199 673 ipse
1222 632 1307 674 posui
1331 632 1368 662 ad
1391 632 1484 662 verba
1506 632 1621 662 Plotini
1639 633 1665 662 I.
1684 634 1713 661 6.
1730 642 1760 671 9.
1782 643 1812 673 p.
1829 641 1881 672 57.
1899 633 1936 663 B.
1959 632 1977 670 ἢ

1135 684 1220 714 ἔνδον
1235 684 1352 721 βλέπει.
1376 684 1430 714 Cr.
1457 690 1475 699 ‘¹
1488 683 1589 714 πολλά
1604 683 1829 723 τε-χαρίεντα.
1846 694 1889 713 vs.
1900 685 1976 724 31.”

1136 734 1261 764 Fabric.

1178 796 1209 826 p.
1226 784 1332 815 lxxvii.
1349 792 1372 816 θ.
1395 786 1412 823 ἡ
1435 787 1490 824 γὰρ
1515 786 1548 823 δὴ
1572 788 1629 815 τῶν
1649 787 1809 825 ἀνθρώπων
1829 788 1977 826 θεωρία-

1135 836 1205 874 πρὸς
1233 836 1285 873 τὴν
1312 837 1393 866 θείαν
1419 840 1539 876 γνῶσιν,
1565 837 1682 877 κ.τ.λ.]
1720 836 1859 867 Colorem
1887 837 1979 868 duxit

1137 886 1330 928 Porphyrius
1345 899 1383 917 ex
1398 887 1534 917 Platonis
1551 888 1687 930 Republ.
1701 889 1777 918 VII.
1797 900 1828 930 p.
1839 896 1912 929 517.
1926 889 1976 919 fin.

232 941 283 965 tur
299 935 449 975 ἀνοίγοντι,
465 941 494 965 ct
512 935 568 965 hoc
591 943 636 966 est
652 935 778 965 verbum
796 935 956 977 proprium
972 935 1001 965 in
1019 935 1075 966 hac
1093 944 1116 971 C
1138 948 1168 978 p.
1185 946 1255 977 332.
1275 937 1387 968 Bekk.:
1413 939 1443 968 τί
1465 941 1514 973 δε;
1541 940 1607 969 τόδε
1630 940 1684 969 οἵει
1706 952 1732 969 τι
1756 939 1934 977 θαυμαστὸν,
1955 941 1981 970 εἰ

232 997 275 1016 re.
314 986 401 1016 Libri
425 994 525 1016 tamen
549 998 620 1016 mss.
637 998 706 1016 cum
726 986 853 1027 vulgata
874 987 1002 1024 faciunt,
1022 999 1076 1018 nec

233 1038 297 1080 ipsa
320 1037 484 1079 rejicienda
506 1045 562 1068 est.
610 1039 687 1068 Mox
705 1040 777 1068 κατὰ
792 1040 842 1070 τὰς
858 1040 890 1069 ἐν
906 1041 943 1080 τῷ
960 1042 1075 1077 Συμπο-

234 1090 423 1130 σίῳ-ὁδούς.
463 1090 574 1131 “Pag.
600 1099 671 1131 331.
699 1089 772 1120 edit.
798 1089 915 1120 Ficin.”
949 1091 1075 1121 Fabric.

237 1142 272 1171 P.
287 1150 356 1171 210.
375 1140 480 1182 Steph.
502 1152 532 1182 p.
545 1150 618 1179 442.
632 1152 699 1182 sqq.
714 1141 811 1171 Bekk.
843 1141 984 1172 Eandem
1003 1142 1078 1172 Dio-

234 1191 317 1222 timae
335 1191 499 1222 Platonicae
515 1191 704 1233 disciplinam
722 1192 834 1234 swpius
858 1192 962 1223 laudat
980 1193 1077 1224 Ploti-

234 1256 301 1275 nus.
350 1245 497 1275 Ceterum
517 1244 571 1285 qui
597 1243 635 1274 de
659 1244 714 1274 hac
738 1244 852 1274 visione
876 1245 934 1274 Dei
959 1244 1078 1275 diversa

234 1296 428 1326 sentientium
448 1295 567 1337 judicia
589 1307 770 1335 cognoscere
792 1295 876 1332 velit,
893 1295 917 1325 is
940 1295 1077 1326 consulat
1096 1299 1121 1325 D

236 1347 334 1389 Baylii
353 1347 488 1377 Diction.
506 1347 535 1377 111
558 1346 671 1378 Plotio.
695 1358 724 1389 p.
744 1348 814 1386 760.
839 1355 901 1377 not.
921 1346 949 1377 k.
992 1347 1079 1377 (fud-

235 1398 342 1429 worth.
369 1400 448 1440 Syst.
475 1398 624 1428 Intellcct.
651 1410 679 1440 p.
702 1399 774 1439 637.
800 1398 848 1428 cd.
870 1398 1024 1428 Mos-hom.
1049 1406 1079 1428 et

235 1449 387 1480 Tholuck.
409 1449 438 1479 in
465 1450 612 1479 Ssutismo
635 1461 664 1491 p.
685 1459 734 1489 79.
775 1449 876 1490 Artigi
901 1450 965 1480 haec
988 1449 1077 1480 ctiam

236 1501 274 1531 ad
292 1500 407 1531 Plot'm.
425 1501 460 1530 V.
477 1511 509 1541 5.
526 1511 554 1541 3.
578 1512 609 1542 p.
622 1510 696 1541 52²·
715 1501 755 1531 Α.
789 1502 841 1531 Cr.

279 1564 308 1593 p.
327 1551 432 1582 lxxvii.
449 1558 474 1582 ς.
498 1553 555 1591 ἐγὼ
575 1554 590 1582 ὀ
607 1553 775 1591 Πορφύριος
796 1553 859 1584 ἔτος
880 1553 960 1591 ἄγων
982 1554 1079 1591 ἑξηκο-

238 1604 310 1634 στὸν
333 1604 379 1634 καὶ
402 1604 533 1643 ὅγδοον.]
559 1608 579 1621 “
597 1603 679 1633 Hinc
703 1610 823 1634 constat
847 1603 939 1633 vitam
965 1603 1041 1633 hanc
1064 1615 1082 1634 a

239 1654 414 1696 Porphyrio
437 1654 579 1696 scriptam
596 1666 664 1685 cum
686 1654 804 1685 circiter
821 1655 1080 1696 septuagesimum
1100 1660 1123 1687 E

238 1717 352 1736 annum
368 1713 473 1747 ageret
488 1706 615 1736 aetatis.”
639 1706 764 1736 Fabric.
804 1708 961 1743 Quantum
980 1717 1080 1736 senec-

240 1765 290 1788 tus
307 1757 471 1799 Porphyrii
495 1757 533 1787 ad
559 1764 679 1787 :etatem
702 1757 894 1788 Constantini
914 1758 1084 1799 Imperato-

240 1809 280 1839 ris
303 1808 453 1850 pertinere
475 1809 620 1850 potuerit,
638 1808 764 1850 inquirit
784 1809 862 1839 Luc.
883 1809 1024 1839 llolstcn.
1047 1808 1085 1838 dc

241 1860 302 1890 Vit.
320 1859 485 1902 Porphyrii
505 1860 563 1889 IV.
587 1871 620 1901 p.
640 1869 710 1898 224.
734 1860 782 1890 cui
802 1860 901 1901 junge
921 1859 1084 1902 iVyttenb.

241 1911 279 1942 ad
304 1912 431 1954 Eunap.
458 1922 488 1953 p.
504 1912 640 1949 46—48.
668 1911 717 1942 cui
740 1911 954 1951 octogenarius
977 1911 1087 1941 obiisse

242 1962 375 1993 videtur.
422 1964 458 1993 Ι11
495 1962 601 1993 mortis
632 1974 744 2003 genere
777 1962 984 2004 Porphyrium
1016 1973 1085 1992 cum

243 2014 433 2056 Enipcdocle
462 2014 602 2044 confudit
634 2014 834 2044 Massoudius
862 2014 892 2044 in
924 2013 1088 2054 Excerptis·
1108 2023 1129 2049 F

245 2065 392 2108 Sylvestri
417 2065 505 2107 Sacyi
529 2065 558 2095 111
583 2065 707 2095 Notices
729 2073 759 2095 et
776 2064 916 2095 Exn-aits
933 2066 972 2095 T.
988 2065 1088 2094 VIII.

246 2128 276 2158 p.
299 2126 365 2157 153.
406 2116 477 2146 Vid.
506 2116 683 2146 Boissonad.
711 2116 867 2147 Addenda
893 2116 932 2146 ad
964 2117 1087 2157 Eunap.

246 2179 277 2209 p.
293 2176 365 2208 547.
405 2168 505 2198 Vitam
534 2168 611 2198 hanc
636 2167 748 2197 Plotini
776 2179 793 2197 a
819 2167 994 2209 Porphyrio
1020 2179 1089 2197 sene

247 2218 447 2260 conscriptam
472 2230 535 2249 esse
559 2227 589 2248 ct
612 2226 680 2260 post
703 2218 880 2259 conjugium
906 2230 975 2248 cum
1002 2219 1088 2248 Mar-

248 2268 323 2299 cella
345 2269 488 2310 junctum
516 2278 663 2300 memorat
689 2270 778 2300 etiam
808 2272 892 2311 Ang.
920 2270 1026 2300 Maius
1051 2269 1091 2299 ad

250 2320 383 2362 Epistol.
401 2321 565 2362 Porphyrii
582 2321 722 2362 scriptam
740 2321 778 2351 ad
797 2333 922 2351 uxorem
941 2333 970 2362 p.
990 2330 1018 2351 2.
1040 2320 1089 2351 ed.

251 2371 382 2402 Mediol.
405 2383 436 2413 p.
453 2373 524 2411 609.
544 2372 660 2401 Orellii.

252 2424 299 2453 ἐπὶ
322 2425 394 2453 πᾶσι
417 2425 472 2464 θεῷ
496 2427 516 2440 “
531 2424 623 2453 Conf.
648 2424 730 2453 Emi.
749 2423 805 2452 VI.
828 2422 846 2452 1.
865 2423 936 2453 1111.”
964 2422 1091 2453 Fabric.

253 2479 274 2493 ‘⁶
288 2474 601 2513 θαμινὴν-πορόντες.
628 2485 668 2504 vs.
688 2475 760 2513 27.”
788 2474 883 2504 Idem.

297 2536 327 2567 p.
344 2524 448 2555 lxxvii.
465 2524 488 2555 d,
512 2524 565 2555 Ἐκ
588 2526 619 2555 δὲ
641 2527 690 2562 τῆς
709 2525 856 2564 ἀγρύπνου
877 2524 976 2555 ἔπιθέν
995 2537 1026 2554 τε
1050 2524 1096 2554 καὶ

255 2578 362 2615 ἔξωθεν
378 2577 460 2619 θέας]
486 2580 506 2594 “
519 2576 631 2606 ἔσωθέν
646 2589 677 2606 τε
693 2575 777 2606 alii.’'
801 2576 925 2605 Fabric.
966 2576 1036 2605 Hoc
1052 2585 1097 2604 re-

254 2628 401 2670 cepimuS.
420 2629 473 2659 Cr.
499 2632 519 2646 “
534 2627 799 2658 ἔπιθεν--ἔσωθεν,
824 2626 912 2656 Talis
924 2637 1029 2656 versus
1044 2636 1097 2655 ex-

254 2680 328 2711 cidit
350 2680 380 2710 in
403 2678 556 2710 oraculo.''
586 2679 736 2721 Wgsttenh.

784 2677 917 2720 Conjicit
940 2677 1035 2719 igitur
1054 2676 1099 2706 vir

1138 988 1194 1018 ἀπὸ
1216 989 1311 1024 θείων,
1328 989 1364 1027 ἣν
1379 988 1400 1019 δ’
1419 990 1486 1028 ἐγὼ,
1504 992 1630 1029 θεωριῶν
1646 990 1692 1020 ε’πὶ
1707 992 1743 1020 τῖι
1759 990 1924 1029 ἀνθρώπειά
1938 1003 1981 1023 τις

1140 1040 1235 1069 ἐλθὼν
1255 1041 1326 1070 κακὰ
1345 1041 1510 1080 ἀσχημονεῖ
1523 1054 1547 1070 κ.
1559 1053 1585 1070 τ.
1596 1044 1626 1070 λ.
1650 1052 1741 1082 quem
1764 1040 1863 1071 locum
1881 1042 1981 1083 tangit

1137 1090 1227 1121 etiam
1245 1091 1437 1121 Themistius
1453 1092 1538 1121 Orat.
1554 1091 1593 1121 de
1610 1091 1798 1122 Praefectura
1813 1104 1838 1122 c.
1854 1093 1978 1124 XXX.

1139 1153 1169 1183 p.
1187 1149 1235 1181 72.
1252 1141 1299 1171 ed.
1318 1142 1413 1183 princ.
1433 1142 1563 1172 Mediol.
1580 1143 1622 1172 A.
1641 1142 1728 1172 Maii.
1767 1143 1869 1174 Verba
1891 1144 1980 1186 posui

1138 1193 1176 1224 ad
1195 1193 1352 1223 Plotinum
1373 1193 1442 1223 ΙΙΙ.
1461 1194 1488 1223 8.
1512 1203 1537 1223 1.
1559 1193 1588 1223 111
1613 1193 1820 1234 disputatione
1843 1195 1881 1225 de
1898 1195 1981 1226 vario

1140 1257 1196 1275 usu
1214 1244 1296 1274 vocis
1312 1245 1426 1283 θεωρία.
1446 1255 1475 1286 p.
1490 1254 1562 1285 343.
1576 1245 1618 1275 Α.
1652 1245 1705 1275 Cr.
1879 1278 1882 1279 .

1183 1308 1212 1338 p.
1230 1295 1344 1325 lxxviii.
1361 1302 1384 1324 ³.
1409 1296 1609 1333 συνεσόμενον
1633 1297 1663 1326 δὲ
1686 1297 1806 1332 τούτοις,
1823 1297 1866 1329 οἷς
1889 1297 1935 1328 καὶ
1955 1299 1983 1328 οἱ

1140 1349 1228 1378 ἄλλοι
1258 1347 1319 1377 θεοὶ
1349 1348 1472 1385 ἄριστοι.
1517 1348 1636 1377 Σύνεισι
1666 1348 1697 1377 δὲ
1726 1348 1814 1383 οὗτοι,
1842 1347 1981 1384 Πλάτων,

1142 1398 1258 1438 κ.τ.λ.]
1289 1397 1486 1428 Constructio
1509 1409 1569 1427 non
1593 1398 1693 1428 obstat
1716 1397 1837 1429 lectioni
1860 1400 1984 1430 συνεπό-

1139 1462 1238 1488 μενον.
1266 1448 1335 1478 Vid.
1354 1448 1464 1479 Plotin.
1482 1460 1512 1490 p.
1529 1450 1601 1489 698.
1619 1461 1663 1490 sq.
1711 1449 1771 1479 Sed
1791 1461 1896 1480 verum
1921 1461 1984 1481 esse

1141 1502 1342 1538 συνεσόμενον
1368 1508 1396 1530 et
1428 1500 1614 1541 optimorum
1646 1500 1792 1530 librorum
1821 1512 1985 1532 consensus

1141 1552 1251 1583 evincit
1267 1560 1295 1582 et
1313 1551 1387 1581 1111111
1406 1553 1520 1582 σύνεισι
1536 1551 1564 1581 111
1583 1551 1721 1593 sequenti
1741 1552 1886 1583 membro.
1926 1552 1986 1583 Illa

1141 1603 1231 1634 lectio
1248 1604 1384 1644 profecta
1404 1602 1443 1633 ab
1460 1602 1494 1632 iis
1510 1602 1643 1637 videtur,
1661 1602 1714 1644 qui
1732 1602 1760 1632 h.
1778 1602 1798 1633 1.
1816 1603 1986 1644 cogitarent

1143 1655 1181 1685 de
1198 1654 1384 1684 nobilissimo
1400 1653 1465 1684 loco
1480 1653 1616 1684 Platonis
1632 1653 1661 1683 in
1680 1653 1815 1684 Phaedro
1831 1665 1860 1696 p.
1876 1654 1945 1692 246.
1958 1666 1985 1684 e.

1144 1708 1182 1747 τῷ
1199 1706 1231 1743 δὴ
1250 1705 1329 1743 (Διὶ)
1349 1705 1448 1735 ἕπεται
1465 1706 1586 1743 σσρατιῖι
1603 1707 1686 1735 θεῶν.
1711 1712 1740 1735 et
1757 1717 1785 1747 p.
1801 1706 1869 1743 248.
1884 1718 1908 1736 c.
1925 1707 1987 1744 ἥτις

1145 1758 1181 1787 ἂν
1195 1757 1278 1797 ψυχὴ
1295 1759 1350 1798 θεῷ
1368 1756 1532 1788 συνοπαδὸς
1547 1756 1691 1795 γενομένη
1712 1770 1736 1786 κ.
1748 1769 1772 1785 τ.
1783 1760 1823 1791 λ.,
1841 1768 1919 1798 quos
1941 1756 1984 1787 lo-

1145 1822 1195 1839 cos
1211 1809 1375 1850 sit-pissime
1392 1807 1514 1837 laudant
1536 1806 1683 1837 Platonici
1699 1807 1824 1848 ipseque
1842 1807 1988 1838 Plotinus.

1148 1862 1293 1890 Ceterum
1322 1859 1350 1889 in
1377 1858 1439 1889 ]·’.11.
1466 1858 1586 1888 Palu-ic.
1610 1858 1657 1888 hic
1684 1858 1712 1888 in
1738 1858 1853 1888 Latinis
1876 1858 1986 1889 verba:

1147 1912 1258 1953 quibus
1280 1914 1506 1941 conversantur
1527 1908 1715 1939 exciderunt.
1763 1909 1908 1939 Proxima
1933 1921 1989 1940 au-

1149 1971 1208 1993 tem
1233 1962 1275 1992 ita
1291 1961 1436 1991 vertenda
1459 1968 1547 1990 sunt:
1572 1964 1797 1990 cottvcrsantm·
1812 1965 1913 1990 aulem
1936 1961 1988 1991 hi.-

1152 2014 1241 2044 I’lnlo
1258 2014 1311 2043 &ta

1150 2066 1200 2095 τὸν
1217 2065 1329 2094 Πύθιον
1344 2063 1409 2102 περὶ
1432 2063 1519 2092 αὑτοῦ
1534 2062 1633 2092 πολλὰ
1655 2075 1719 2092 τινα
1743 2064 1869 2093 ἀνελεῖν.
1895 2065 1927 2094 ἐν
1950 2065 1992 2096 οἷς

1356 2011 1497 2042 Eudocia
1513 2011 1542 2041 in
1561 2010 1683 2041 Plotino
1703 2022 1735 2052 p.
1751 2013 1822 2052 363Δ
1847 2013 1923 2042 ὥστε
1945 2013 1991 2042 καὶ

1152 2117 1197 2146 καὶ
1224 2117 1264 2147 εἰς
1289 2115 1340 2144 τὸν
1366 2116 1417 2144 τοῦ
1444 2115 1561 2145 Μίνωος
1591 2114 1636 2143 καὶ
1657 2113 1873 2152 Ἱ)αὸαμάι’θυος
1895 2117 1992 2155 χῶρον

1151 2166 1345 2205 παραπέμπει,
1374 2165 1419 2194 καὶ
1447 2166 1520 2202 μετὰ
1551 2166 1725 2204 Πυθαγόρου
1755 2166 1801 2195 καὶ
1832 2166 1992 2198 Πλάτωνος

1152 2217 1374 2248 συνδιαιτᾶσθαί
1391 2220 1474 2255 φησι.
1500 2215 1551 2245 11111
1576 2216 1702 2245 fortasse
1725 2216 1918 2247 scribendum
1939 2230 1991 2257 χο-

1151 2269 1213 2307 ρὸν,
1232 2267 1286 2297 nisi
1305 2266 1445 2297 Eudocia
1465 2266 1609 2306 cogitavit
1630 2268 1730 2297 πεδίον
1746 2268 1894 2305 ἀληθείας,
1909 2267 1992 2309 quod

1152 2320 1182 2350 in
1213 2318 1328 2360 aliquot
1358 2317 1442 2347 libris
1467 2317 1624 2348 AEschinis
1650 2318 1782 2349 Axioch.
1811 2329 1857 2359 19.
1886 2321 1995 2360 χωρίον

707 2373 802 2402 Mox:
833 2373 878 2402 καὶ
901 2372 1031 2402 πελάσαι
1053 2373 1092 2412 τῷ
1110 2384 1135 2410 G
1154 2370 1275 2400 dicitur.
1314 2368 1399 2407 (Vid.
1426 2368 1563 2398 Fischer.
1592 2380 1622 2410 p.
1644 2370 1727 2410 163.)
1774 2370 1874 2400 Mox:
1904 2369 1996 2410 χορὸν

1155 2420 1301 2452 ἀθανάτου
1318 2426 1336 2435 “
1350 2431 1426 2450 vers.
1442 2421 1513 2461 34.”
1537 2420 1569 2450 F
1567 2420 1663 2450 alu-ic.
1704 2420 1757 2450 Ad
1776 2433 1997 2451 καταπεπυκνω-

1154 2472 1244 2511 μένον
1269 2470 1403 2508 consule,
1427 2483 1497 2513 quae
1524 2482 1617 2513 supra
1643 2471 1837 2502 laudavimus
1863 2471 1902 2501 ad
1929 2483 1996 2513 cap.

1157 2524 1251 2553 XIV.
1268 2530 1337 2564 post
1353 2522 1419 2552 init.
1451 2523 1504 2553 Cr.

1198 2586 1229 2616 p.
1247 2573 1361 2604 lxxviii.
1379 2573 1404 2603 b.
1427 2574 1479 2611 τὴν
1495 2573 1625 2611 διάταξιν
1642 2574 1687 2604 καὶ
1703 2574 1755 2611 τὴν
1771 2573 1924 2612 διόρθωσιν
1940 2575 1998 2603 τῶν

1156 2625 1396 2664 βιβλίων-ἡμῖν
1424 2625 1613 2667 ἐπέτρεψεν,]
1649 2629 1668 2642 “
1684 2625 1785 2665 Supra
1809 2635 1876 2665 cap.
1895 2624 1996 2654 VII.''

1159 2677 1282 2707 Fahric.
1331 2676 1484 2706 Nimirum
1508 2683 1646 2706 extremo
1668 2686 1700 2716 p.
1723 2684 1791 2713 107.
1813 2674 1860 2705 ed.
1877 2675 1998 2706 Fabric.
