2201 2990
733 125 898 159 INDEX
926 123 1236 157 APPARATUS
1263 124 1467 157 CRITICI.
1892 125 1965 157 xliii

332 233 352 246 ‘⁶
371 228 448 260 haec
471 224 681 267 subscriptio
706 223 899 266 reperitur:
925 221 972 254 ‘H
993 222 1114 263 βίβλος
1141 221 1192 260 ij&
1218 221 1354 268 ἐγράφη
1381 220 1430 254 διὰ
1459 225 1513 259 τῆς
1540 221 1612 258 ἐμῆς
1640 221 1756 266 χειρὸς,
1780 223 1965 268 Δημητρίου

331 290 349 303 “
369 282 541 329 Τριβόλου
557 280 824 319 Πελοποννησίου
842 279 874 312 ἐκ
890 277 1058 325 Σπάρτης,
1074 279 1302 326 διατρίβοντος·
1320 281 1350 312 ἐν
1369 279 1463 312 πόλει
1486 278 1617 324 Κρήτης
1634 278 1786 323 Γωρτ-(ἴμῃ.
1805 279 1886 317 μξτὰ
1906 281 1962 318 Τὴν

330 346 349 359 “
367 344 422 379 τῆς
440 340 513 379 ἐμῆς
531 337 688 384 πατρίδος
707 336 828 370 ἅλωσιν
847 338 877 370 ἐν
895 338 957 370 ε”τει
980 336 1136 384 ζῆινγδμ

379 397 554 430 “Addam
574 396 730 433 Codices.
750 397 809 440 qui
831 396 963 429 Plotini
983 396 1103 430 Vitam
1124 402 1157 429 et
1177 397 1304 429 librum
1324 394 1369 428 (le
1387 393 1509 428 (mima
1529 391 1720 426 ineneorlali
1738 394 1922 427 exhibent:

380 458 412 488 1.
441 459 461 473 “
481 455 565 488 Cod.
586 454 788 487 CCCCXC.
808 454 1022 493 chartaceus,
1049 456 1083 487 in
1112 466 1236 493 assere,
1259 459 1296 487 ut
1323 454 1373 486 ait
1397 453 1581 487 Hardtius,
1601 451 1695 483 corio
1720 450 1817 482 fusco
1842 455 1962 486 tectus,

328 518 349 532 “
367 513 498 546 chartis
525 513 717 556 quaternis9
746 513 856 545 literis
884 513 1030 545 minutis
1058 513 1260 556 nitidisque,
1288 512 1420 555 optime
1447 514 1673 543 conservatus
1701 512 1734 540 et
1762 509 1961 552 inscriptus.

327 576 347 590 ‘⁶
367 571 545 609 Continet,
564 575 694 614 praeter
713 570 781 603 alia
800 570 1053 613 philosophica,
1075 570 1204 603 Plotini
1226 570 1374 602 Librum
1395 569 1437 601 de
1456 568 1574 601 anima
1594 566 1816 600 immortali.”

376 632 408 662 2.
428 632 448 647 ‘⁶
462 629 548 663 Cod.
564 628 660 662 CIV.
681 628 896 666 chartaceus,
915 629 1089 671 scriptura
1109 629 1246 660 minuta
1264 632 1298 660 et
1315 628 1484 672 elegante,
1504 636 1611 658 mauu
1630 624 1780 661 diversa,
1800 628 1963 655 exaratus

326 692 345 706 ‘⁶
367 687 523 720 Venetiis
543 698 562 720 a
581 685 785 719 Francisco
805 684 946 726 Gladio,
968 684 1142 725 Cretensi,
1161 697 1239 718 saec.
1259 684 1363 718 XVI.
1418 684 1514 716 Inest
1542 683 1624 715 item
1653 681 1783 714 Plotini
1812 681 1898 713 liber
1922 681 1963 713 «le

328 749 347 763 ‘⁶
367 746 485 778 anima
504 746 727 778 iminortali.”

378 807 397 820 ‘⁶
418 802 475 835 Ex
495 803 573 841 illis,
593 814 680 846 quos
699 814 805 846 supra
824 804 987 837 indicavi.
1007 803 1116 836 Codd.
1136 800 1401 836 CCCCXLIX.
1423 799 1637 832 LXXXVI.
1657 804 1690 832 et
1710 797 1854 831 CCXV.
1884 797 1963 829 Plo-

326 866 344 879 ‘²
365 861 429 893 tini
450 861 557 893 vitam
579 861 768 894 continent.
822 861 988 894 Addatur

376 924 395 936 “
415 919 500 952 Cod.
521 918 764 952 CCXXXIV.
783 918 999 957 chartaceus,
1019 918 1140 950 charta
1167 918 1289 953 solida,
1308 916 1482 958 scriptura
1506 915 1656 952 minuta,
1675 914 1805 947 chartis
1824 918 1963 956 quater-

325 982 344 995 ·‘
364 977 429 1015 nis,
448 988 490 1009 ex
512 977 610 1009 libris
631 976 670 1009 P.
690 974 853 1016 Victorii,
872 976 1000 1020 quibus
1026 976 1101 1008 haec
1121 975 1329 1008 bibliotheca
1355 974 1564 1012 illustratur,
1585 973 1701 1005 saecul.
1721 971 1836 1008 XVI..
1856 970 1962 1014 probe

324 1038 344 1052 “
364 1039 590 1067 conservatus
609 1039 643 1067 et
662 1035 862 1077 inscriptus.
890 1034 1068 1072 Continet,
1083 1039 1212 1076 praeter
1230 1033 1319 1065 alia:
1339 1032 1472 1064 Selecta
1492 1043 1534 1064 ex
1554 1031 1607 1070 iis,
1623 1042 1703 1074 quae
1722 1042 1742 1063 a
1761 1029 1962 1072 Porphyrio

324 1097 345 1111 “
364 1093 495 1126 tradita
514 1097 596 1125 sunt
616 1093 650 1125 in
670 1092 755 1125 Vita
775 1092 919 1131 Plotini,
938 1092 982 1124 ab
1000 1092 1075 1135 ipso
1094 1091 1252 1124 Victorio
1271 1090 1433 1133 scripta.''

376 1150 443 1183 His
462 1162 483 1183 a
501 1150 662 1183 Goellero
681 1151 782 1183 dictis
803 1150 877 1183 haec
896 1150 1055 1183 addenda
1073 1153 1167 1182 sunt.

382 1208 546 1241 Codicem
567 1208 712 1242 CCXV.
732 1208 982 1253 insignivimus
1002 1206 1106 1240 sslon.
1126 1205 1177 1240 Α.
1231 1206 1360 1249 Incipit
1387 1205 1526 1238 collatio
1553 1216 1574 1237 a
1600 1205 1714 1248 prima
1732 1203 1901 1237 Enneade
1928 1208 1961 1235 et

325 1267 441 1311 pergit
465 1278 574 1310 usque
602 1267 644 1299 ad
673 1278 705 1310 p.
726 1269 808 1299 300.
836 1267 890 1299 ed.
910 1266 1015 1305 Bas.;
1044 1265 1169 1298 deinde
1196 1264 1383 1297 exhibetur
1401 1263 1540 1295 collatio
1567 1263 1647 1295 libri
1666 1262 1751 1295 VII.
1780 1261 1875 1294 Enn.
1896 1260 1960 1293 IV.

324 1335 357 1368 p.
379 1322 585 1361 456—467.
605 1336 685 1368 quae
710 1325 828 1357 onmia
853 1325 979 1357 collata
1003 1328 1085 1356 sunt
1104 1334 1123 1354 a
1142 1322 1183 1354 L.
1198 1319 1470 1359 Doederleinm,
1490 1332 1582 1353 nunc
1602 1320 1751 1353 Rectore
1769 1324 1804 1352 et
1823 1318 1962 1352 Profes-

323 1394 399 1415 sore
419 1382 654 1427 Erlangensi3
684 1383 816 1415 accedit
835 1381 929 1414 Enn.
945 1381 989 1414 V.
1009 1381 1067 1413 lib.
1084 1379 1189 1413 VIII.
1209 1391 1229 1412 a
1248 1379 1288 1411 F.
1304 1379 1337 1412 J.
1356 1376 1526 1413 Goellero
1546 1379 1703 1411 collatus.

372 1440 533 1473 Codicem
556 1439 770 1473 LXXXVI.
791 1439 1040 1484 insignivimus
1058 1436 1161 1470 fison.
1175 1436 1226 1470 B.
1264 1438 1425 1470 Contulit
1443 1434 1636 1471 Goellerus
1654 1435 1749 1469 Eun.
1766 1435 1794 1468 I.
1814 1435 1874 1467 lib.
1891 1434 1959 1467 III.

323 1503 357 1531 et
376 1498 428 1531 VI
434 1524 452 1537 .,
471 1495 758 1531 Doederleim‘us
776 1497 871 1530 Eun.
884 1497 929 1531 V.
948 1496 1008 1529 lib.
1022 1496 1128 1529 VIII.

371 1556 534 1589 Codicem
553 1557 703 1599 (lenique
722 1554 987 1589 CCCCXLIX.
1007 1554 1209 1587 notavimus
1229 1552 1336 1586 Mon.
1354 1550 1392 1586 C.
1446 1553 1514 1586 Est
1538 1553 1593 1585 hic
1617 1552 1743 1585 horum
1770 1552 1876 1584 trium
1904 1562 1961 1583 ve-

322 1615 549 1647 tustissimus.
587 1614 672 1647 Fuit
690 1614 772 1647 olim
792 1613 1049 1659 Augustanus3
1072 1613 1140 1645 vid.
1157 1612 1293 1645 Reiseri
1313 1612 1425 1645 Catal.
1445 1612 1615 1644 Biblioth.
1636 1611 1838 1655 Augustali.
1855 1621 1889 1653 p.
1902 1612 1958 1646 73.

322 1671 477 1705 Venerat
503 1672 560 1705 hic
586 1672 674 1705 liber
701 1683 743 1704 ex
771 1672 907 1714 direpta
936 1670 1145 1703 bibliotheca
1173 1670 1330 1703 Budensi
1358 1670 1394 1703 in
1422 1681 1547 1702 manus
1573 1669 1608 1702 J.
1630 1668 1807 1712 Schegkii,
1834 1668 1895 1711 qui
1922 1668 1959 1700 in

321 1731 480 1775 margine
498 1730 632 1774 aliquot
651 1730 895 1763 annotationes
914 1729 1122 1772 adscripsit3
1144 1729 1236 1762 unde
1255 1729 1346 1761 dono
1366 1729 1502 1771 nepotis
1521 1727 1686 1771 Schegkii
1707 1727 1742 1759 in
1762 1725 1958 1758 Bibliothe-

321 1799 395 1821 cam
414 1787 664 1833 Augustanam
684 1787 859 1831 publicam
879 1787 1030 1820 transiit.
1083 1786 1238 1830 Optimis
1258 1786 1314 1819 hic
1333 1786 1453 1819 Codex
1471 1786 1570 1818 libris
1589 1784 1875 1818 annumerandus
1895 1789 1958 1817 est.

320 1847 511 1890 ceterisque
531 1845 802 1878 Monacensibus
822 1845 1058 1888 praestantior.
1113 1844 1287 1877 Praecedit
1306 1843 1437 1876 Plotini
1458 1843 1554 1877 Vita.
1600 1842 1724 1887 Pergit
1743 1842 1882 1875 collatio
1902 1854 1958 1874 us-

320 1916 387 1948 que
406 1905 449 1937 ad
469 1915 501 1948 p.
519 1902 575 1937 46.
597 1903 706 1945 (Eun.
723 1903 751 1936 I.
771 1903 829 1936 lib.
844 1902 889 1935 V.
909 1904 1012 1943 extr.)
1032 1913 1138 1935 manu
1167 1900 1327 1947 Iijcri
1345 1902 1449 1934 facta.
1492 1901 1585 1934 Eun.
1603 1901 1630 1934 I.
1650 1901 1712 1934 lib.
1725 1900 1790 1934 VI.
1810 1901 1957 1933 collatus

319 1967 372 1995 est
390 1974 409 1995 a
428 1959 698 1995 Doederleinio.
752 1961 838 1994 Inde
857 1972 875 1994 a
895 1972 927 2004 p.
943 1959 999 1993 61.
1028 1959 1138 2003 (Eun.
1160 1961 1188 1993 I.
1216 1961 1275 1994 lib.
1290 1960 1392 2003 VII.)
1413 1961 1528 2005 pergit
1555 1957 1716 2004 Welfirri
1733 1958 1883 1996 collatio,
1904 1969 1960 1990 us-

320 2031 386 2063 que
414 2021 458 2053 ad
484 2031 517 2063 p.
539 2021 620 2052 143.
643 2018 754 2062 (Enn.
774 2018 822 2051 II.
850 2018 910 2051 lib.
931 2018 980 2051 ΙΙ.
999 2019 1104 2062 med.)
1121 2029 1130 2059 3
1159 2030 1179 2052 a
1197 2030 1267 2062 quo
1286 2020 1360 2051 loco
1379 2019 1447 2051 alia
1467 2029 1591 2051 manus
1610 2018 1829 2051 collationem
1849 2016 1959 2049 conti-

321 2079 445 2111 nuavit
462 2089 572 2121 usque
599 2078 642 2110 ad
670 2088 704 2120 p.
725 2075 806 2110 256.
827 2076 937 2119 (Eun.
958 2076 1028 2109 III.
1056 2077 1116 2110 lib.
1136 2076 1183 2110 II.
1206 2077 1311 2118 med.)
1368 2075 1461 2108 Tum
1483 2075 1578 2108 Eun.
1600 2075 1669 2108 III.
1696 2075 1756 2108 lib.
1776 2074 1862 2108 VII.
1891 2074 1958 2106 col-

321 2136 412 2168 latus
439 2140 491 2168 est
517 2147 537 2168 a
556 2133 717 2180 Isoppio.
770 2134 865 2168 Eun.
885 2134 955 2167 III.
983 2135 1042 2168 lib.
1062 2134 1168 2168 VIII.
1194 2146 1214 2167 a
1236 2132 1423 2167 Creuzero.
1477 2133 1571 2166 Eun.
1591 2132 1635 2166 V.
1663 2137 1697 2166 et
1716 2132 1781 2166 VI.
1809 2132 1957 2165 contulit

324 2190 369 2225 L.
388 2191 508 2238 Spiro‚
527 2198 611 2226 tunc
629 2193 798 2236 temporis
818 2193 999 2226 literarum
1020 2193 1207 2226 studiosus
1228 2192 1460 2225 Monacensis.

223 2249 265 2283 V.
298 2247 408 2283 Codd.
427 2249 604 2284 Par-icini.
660 2253 690 2284 1.
719 2251 805 2284 Cod.
824 2249 918 2284 Par.
934 2250 985 2284 A.
1005 2251 1237 2284 Bibliothecae
1257 2250 1382 2294 Regiae
1409 2261 1444 2282 n.
1467 2248 1572 2287 1976.
1627 2249 1758 2292 Incipit
1785 2260 1804 2281 a
1824 2248 1955 2281 Plotini

323 2307 417 2346 vita;
446 2309 560 2352 pergit
586 2320 697 2352 usque
724 2310 767 2342 ad
795 2320 828 2353 p.
848 2311 932 2346 359.
952 2310 1010 2342 fin.
1028 2309 1190 2343 Ennead.
1215 2308 1342 2341 terti-ee.
1395 2307 1564 2351 Sequitur
1584 2307 1679 2340 Eun.
1699 2305 1762 2339 IV.
1790 2305 1850 2338 lib.
1871 2305 1955 2338 VII.

322 2370 356 2397 et
376 2364 470 2397 Eun.
488 2364 532 2398 V.
560 2366 620 2398 lib.
639 2366 745 2399 VIII.

371 2425 402 2455 2.
431 2422 515 2455 Cod.
535 2420 627 2455 Par.
643 2422 693 2456 B.
713 2424 806 2457 Bibl.
826 2425 951 2470 Regiae
970 2437 1003 2458 n.
1020 2423 1126 2458 1816.
1166 2424 1285 2457 Habet
1303 2423 1398 2456 Enn.
1415 2423 1441 2456 I.
1462 2423 1521 2456 lib.
1536 2422 1602 2456 VI.
1622 2427 1656 2455 et
1674 2421 1770 2454 Enn.
1783 2421 1828 2454 V.
1849 2422 1906 2453 lib.
1924 2424 1954 2454 ὃ.

323 2480 391 2513 Hic
410 2480 500 2512 idem
521 2484 583 2518 est,
597 2491 699 2523 quem
716 2480 1006 2522 Scmctocruchcv,
1021 2487 1060 2516 ut
1078 2482 1201 2515 futuro
1221 2482 1352 2515 Plotini
1372 2482 1498 2514 editori
1518 2481 1717 2524 perutilem,
1733 2480 1956 2512 vehementer

320 2538 587 2571 commendavit.
648 2538 744 2580 (Vid.
776 2537 821 2572 (le
852 2538 1082 2573 Saintecroiar
1115 2541 1150 2573 in
1184 2540 1349 2585 Magasin
1380 2537 1691 2583 Encyclope'dique
1723 2549 1786 2581 par
1813 2534 1952 2569 Milliu.

619 2646 630 2659 Β
654 2641 686 2668 In
703 2641 755 2668 hoc
771 2642 876 2670 Codice
892 2643 951 2671 fere
968 2653 1109 2680 nusquam
1125 2644 1266 2679 reperitur
1283 2643 1346 2670 Iota
1361 2643 1563 2679 subscriptum.

1159 2692 1176 2724 f
1191 2695 1212 2724 2
