2201 2990
629 114 786 146 VITAM
812 113 1039 144 AUCTORE
1064 113 1357 143 PORPHYRIO.
1390 124 1420 154 p.
1438 114 1480 144 lx.
1498 114 1550 145 lxi.
1914 114 1964 145 ciii

210 203 388 235 Reinesium
406 213 436 244 p.
456 210 527 242 203.
545 211 589 242 sq.
606 207 636 230 et
652 198 775 230 Fabric.
792 199 830 229 B.
848 198 905 229 Gr.
923 198 994 228 111.
1019 208 1050 239 p.
1070 199 1095 225 A
1116 197 1243 238 Lydum
1260 197 1299 227 de
1315 197 1452 227 Ostentis
1467 208 1531 227 esse
1546 198 1677 228 eundem
1694 199 1858 237 existimat,
1871 200 1961 242 cujus

212 256 279 296 183.
297 266 340 295 sq.
359 251 479 283 Harles.
506 251 562 282 Cr.

249 316 278 347 p.
292 304 333 334 lx.
348 310 371 333 e,
394 305 450 332 τῶν
467 302 588 333 ἐκείνοις
602 299 845 340 παραμενόντων]
868 299 888 330 1.
900 310 926 330 e.
942 310 1048 329 eorum

205 355 336 386 rationes
356 352 500 383 audiebat
517 351 670 388 Plotinus,
687 351 752 392 qui,
769 350 838 380 licet
855 349 920 391 ipse
935 361 986 381 eos
1002 361 1050 381 οι·-

204 406 321 448 phanos
344 403 426 434 domi
451 414 514 433 suae
538 402 665 433 haberet
683 409 712 433 et
728 401 884 439 educaret,
900 401 974 443 ipsis
995 401 1050 432 ad-

203 464 302 486 essent
324 463 450 485 tutores.
496 453 686 493 Παραμέυειυ
700 453 766 489 τινὶ,
783 453 922 484 assistere
944 452 1047 484 alicui.

203 505 360 537 Plutarch.
376 505 513 547 Lycurg.
527 516 552 535 c.
567 514 579 534 1
589 514 614 534 1.
628 504 668 535 cfi'.
681 504 788 547 Steph.
801 504 897 536 Thes.
910 516 940 546 p.
953 505 1045 545 6076.

201 556 250 588 ed.
269 556 405 587 Londin.

201 621 304 643 σωσιν,
327 608 408 648 ἔχειν
432 607 535 639 αὐτοὺς
559 609 620 637 δεῖν
642 608 693 639 τὰς
718 606 1047 647 κτήσεις-ἇνεπάφους

200 666 322 690 secutus
345 658 525 689 sententiam
543 658 676 689 Cratetis
693 657 815 700 Cynici,
831 657 871 688 de
891 669 954 700 quo
972 657 1043 688 Sui-

200 710 255 741 das
278 710 326 741 11.
349 721 381 752 p.
398 718 470 751 370.
491 710 604 740 Kust.:
630 709 661 741 ὃς
685 708 828 749 (Κράτης)
854 710 1046 749 ἐξαργυρίσας

200 762 252 800 τὴν
267 762 371 792 οὐσίαν
387 761 493 792 δέδωκε
515 762 552 791 τὰ
575 761 699 800 ἀργύρια
721 761 884 800 τραπεζίτῃ,
904 761 1002 796 εἰπὼν,
1021 761 1046 791 εἰ

199 814 227 844 οἱ
241 814 341 844 παῖδες
364 813 438 854 αὐτῷ
461 811 716 851 φιλοσοφήσουσι,
733 813 772 853 τῷ
794 811 872 853 δήμῳ
893 813 1002 847 δοῦναι,
1021 812 1046 842 εἰ

199 865 231 895 δὲ
245 864 293 902 μὴ,
310 866 370 896 τοῖς
386 864 489 894 παισὶν
505 864 600 893 αὐτοῦ.
627 864 681 894 Cr.

240 926 271 957 p.
288 915 330 945 lx.
348 914 368 945 f.
399 915 593 954 ἐγρηγορότος
609 914 795 955 ἐσχόλασεν]
823 917 844 932 “
860 914 944 944 Voss.
963 919 1044 944 recte
1062 914 1085 942 C

200 966 398 1006 ἐγρηγορότως
425 965 585 1005 ἐχάλασεν.
613 965 652 996 cf.
677 977 709 1007 p.
730 965 821 996 108.”
850 965 1045 1006 Wgyttenb.—

196 1018 375 1058 Utrumque
397 1028 434 1047 ex
458 1016 601 1058 pluribus
622 1016 708 1048 libris
732 1017 832 1047 MSS.
858 1015 1042 1058 recepimus.

197 1069 276 1099 :Mox
295 1068 459 1106 ἐκκείμενος
474 1069 731 1108 τοῖς-ἐσχηκόσι.
768 1067 838 1098 Vid.
854 1067 955 1109 Vigor.
974 1067 1041 1097 IX.

195 1129 226 1160 3.
239 1129 268 1160 5.
286 1118 360 1160 ibiq.
379 1127 440 1149 not.
458 1130 489 1161 p.
502 1121 574 1149 602.
588 1119 618 1150 b.
634 1119 674 1150 cf.
687 1119 825 1150 Boisson.
842 1118 879 1149 ad
900 1119 1040 1150 Philostr.

197 1171 274 1201 Her.
292 1182 323 1212 p.
333 1171 406 1210 469.
424 1178 454 1201 et
469 1182 540 1212 quae
556 1170 645 1213 posui
661 1170 701 1202 ad
717 1170 819 1201 Procli
834 1171 912 1200 Inst.
926 1169 1039 1201 Theol.

195 1233 222 1252 c.
240 1222 394 1252 LXXX.
420 1233 451 1264 p.
472 1231 542 1260 124.
582 1222 789 1253 Philostratus
813 1221 876 1252 Vit.
902 1220 1038 1263 Sophist.

1113 247 1236 289 elegans
1263 248 1471 288 fragmentum
1500 260 1516 277 e
1544 248 1623 278 Cod.
1651 249 1759 280 Italico
1786 251 1897 282 ibidem
1927 251 1958 281 in

1113 298 1248 328 medium
1266 299 1384 340 profert
1400 299 1446 328 vir
1457 298 1660 329 doctissimus.
1694 301 1754 330 Sed
1771 308 1871 332 tamen
1887 302 1958 333 libri

1111 349 1206 380 nostri
1232 361 1338 380 omnes
1365 350 1394 380 in
1421 350 1584 388 Ὀλύμπιος
1610 350 1795 391 conspirant.
1841 353 1959 394 Attigit

1111 400 1189 431 hanc
1215 401 1420 431 narrationem
1448 400 1654 432 Tiedemann.
1680 401 1709 431 in
1737 402 1895 444 Disputat.
1919 404 1958 434 de

1110 452 1243 482 Artibus
1262 452 1395 494 Magicis
1410 464 1435 483 e.
1452 452 1518 482 XI.
1535 464 1567 494 p.
1583 452 1634 483 80.
1681 453 1780 482 lilox:
1807 458 1954 493 φιλοπρω-

1109 504 1173 533 τίαν
1200 511 1320 533 mutare
1347 503 1513 540 noluimus,
1543 511 1651 545 utpote
1680 502 1805 533 aliunde
1832 515 1957 546 quoque

452 557 532 586 Mox
553 555 662 595 λέγων,
680 556 733 588 ἕως
756 555 792 586 ἂν
814 556 852 594 μὴ
876 556 1046 596 φιλοσοφή-
1065 559 1089 586 Β
1107 553 1273 584 excitatum
1299 554 1328 584 in
1355 555 1466 596 Steph.
1486 554 1581 585 Thes.
1606 566 1636 596 p.
1655 556 1746 596 7983.
1766 555 1804 585 B.
1821 555 1955 587 Londin.

1109 606 1206 636 Mox:
1233 607 1457 645 ἀστροβολῆσαι
1474 607 1563 637 αὐτὸν
1577 607 1739 646 μαγεύσας.
1768 607 1841 637 Non
1857 606 1956 638 solum

1107 657 1195 694 vites,
1226 657 1352 688 arbores
1386 659 1641 697 ἀστροβολεῖσθαι
1671 657 1818 688 dicuntur
1847 669 1956 689 verum

1106 707 1197 738 etiam
1219 708 1325 739 bestiae
1346 720 1380 739 ac
1402 708 1549 740 homines.
1597 709 1668 740 Vid.
1686 709 1801 740 Niclas.
1817 709 1857 740 ad
1874 710 1956 740 Geo-

1107 771 1180 802 pon.
1197 760 1233 791 V.
1246 761 1297 801 36.
1316 772 1345 802 p.
1359 762 1432 801 396.
1448 772 1491 802 sq.
1506 760 1580 802 ibiq.
1594 760 1701 791 laudd.
1733 760 1786 791 Ad
1805 772 1866 791 rem
1883 760 1955 791 nolo

1106 811 1248 849 recolere,
1280 823 1351 853 quae
1386 823 1564 853 congessere
1595 812 1726 842 Grotius
1758 811 1797 842 ad
1828 812 1954 854 Evang.

1107 862 1225 893 Matth.
1252 863 1310 893 IV.
1335 872 1386 902 24.
1420 863 1572 894 wetsten.
1596 862 1626 893 in
1651 864 1691 894 N.
1709 864 1750 893 T.
1774 863 1801 894 Ι.
1825 874 1856 905 p.
1881 871 1954 904 279.

1106 915 1228 956 Mayer.
1245 914 1275 944 in
1293 914 1376 945 Hist.
1395 914 1518 945 Diaboli
1535 926 1564 957 p.
1584 924 1653 945 210.
1671 926 1737 956 sqq.
1753 922 1784 945 et
1799 926 1871 956 quae
1887 913 1952 956 ipse

1104 965 1192 1007 attigi
1222 966 1252 996 in
1282 967 1504 996 Commentatt.
1534 966 1700 997 Herodott.
1730 977 1760 1008 p.
1787 975 1857 1005 241.
1882 977 1948 1008 sqq.

1105 1017 1252 1047 Ceterum
1269 1017 1292 1047 si
1311 1017 1594 1048 Grammaticorum
1614 1017 1664 1048 lex
1681 1029 1753 1048 vera
1768 1025 1856 1055 esset,
1873 1018 1950 1048 Por-

1103 1068 1234 1110 phyrius
1248 1068 1378 1099 seribere
1393 1069 1526 1099 debebat
1542 1070 1706 1109 γοητεύσας
1719 1080 1776 1111 pro
1788 1070 1948 1108 μαγεύσας.

1104 1119 1175 1149 Vid.
1194 1120 1273 1150 Lex.
1291 1120 1418 1150 Coislin.
1440 1132 1471 1162 p.
1491 1122 1562 1161 236.
1587 1132 1636 1162 ap.
1654 1120 1832 1151 lWontfauc.
1856 1127 1886 1150 et
1909 1120 1950 1150 cf.

1103 1170 1301 1202 Valekenaer.
1317 1171 1356 1201 ad
1374 1173 1521 1201 Ammon.
1537 1172 1604 1202 III.
1621 1173 1666 1202 16.
1683 1183 1715 1214 p.
1731 1181 1802 1203 222.
1817 1183 1862 1213 sq.
1888 1171 1950 1202 Sed

1102 1222 1168 1253 baec
1184 1222 1358 1253 differentia
1375 1234 1572 1264 nequaquam
1589 1230 1732 1253 constans
1755 1230 1808 1253 est.
1844 1222 1897 1253 Cf.
1919 1229 1950 1253 et

197 1273 246 1303 II.
262 1281 308 1312 17.
326 1284 355 1315 p.
369 1282 429 1313 597
445 1285 450 1303 :
476 1273 647 1312 ἐκκειμένως
662 1275 718 1313 γὰρ
734 1275 785 1304 τοῦ
799 1273 885 1312 ἤθους
901 1273 947 1303 καὶ
964 1273 1039 1303 ἀπα-
1057 1275 1084 1301 D
1101 1281 1204 1304 annot.
1222 1281 1316 1304 nostr.
1334 1273 1364 1304 in
1386 1273 1501 1304 Plotin.
1521 1274 1548 1304 I.
1566 1284 1597 1312 4.
1614 1284 1644 1314 9.
1661 1285 1692 1315 p.
1707 1283 1757 1314 35.
1772 1274 1811 1304 D.
1839 1274 1895 1304 Cr.

195 1326 323 1364 νούργως
339 1325 425 1364 ἔχων.
453 1325 508 1355 Cr.

236 1387 267 1417 p.
280 1375 321 1406 lx.
334 1382 358 1405 g.
375 1377 468 1406 εἴκοσι
485 1376 531 1406 καὶ
548 1376 578 1414 ἓξ
592 1377 665 1406 ἐτῶν
680 1375 775 1418 ὅλων]
801 1379 821 1393 “
832 1375 886 1405 Ab
902 1385 983 1405 anno
999 1376 1036 1406 C.

195 1436 266 1465 244.
283 1426 321 1456 ad
339 1427 380 1456 A.
398 1427 492 1467 269.’'
516 1427 645 1457 Fabric.
692 1427 792 1456 Mox:
819 1427 865 1457 καὶ
889 1426 1038 1465 διαιτήσας

192 1477 532 1517 τᾶς-ἀμφισβητήσεις.
579 1477 694 1508 Pollux
711 1477 810 1508 VIII.
828 1479 878 1516 64.
903 1488 935 1519 p.
953 1477 1013 1518 893
1029 1490 1035 1508 ε

193 1530 314 1564 διαιτᾶν,
334 1531 508 1564 διαιτᾶσθαι,
528 1528 674 1567 ὃιῄτησεν,
691 1528 897 1567 ὃεδιῃτημένον
914 1529 1039 1571 proprie

191 1579 230 1610 de
245 1579 378 1618 arbitris,
390 1579 444 1621 qui
460 1588 626 1621 antequam
642 1579 681 1610 ad
694 1579 815 1622 judices
829 1579 902 1617 itur,
914 1591 1036 1610 causam

1144 1336 1174 1366 p.
1192 1324 1243 1355 lxi.
1262 1324 1278 1354 ῑ.
1306 1326 1357 1357 τὰς
1366 1325 1556 1365 -ἐπιφορέις]
1595 1324 1724 1366 Proprie
1748 1325 1873 1355 hostiles
1892 1326 1950 1355 im-

1096 1381 1197 1418 petus.
1236 1375 1307 1406 Vid.
1324 1375 1497 1417 Schweigh.
1516 1376 1596 1407 Lex.
1614 1375 1725 1418 Polyb.
1744 1388 1773 1418 p.
1791 1384 1862 1416 272.
1889 1377 1945 1407 Cr.

1143 1439 1173 1469 p.
1191 1427 1244 1458 lxi.
1262 1427 1287 1458 k.
1312 1427 1570 1470 ἀντελαμβάνετο]
1596 1427 1832 1458 Animadvertit
1849 1427 1946 1458 Ficin.

1098 1479 1138 1510 cf.
1155 1487 1259 1510 annot.
1278 1486 1370 1509 nostr.
1388 1478 1418 1508 in
1437 1478 1551 1509 Plotin.
1569 1490 1599 1521 p.
1613 1488 1664 1520 30.
1678 1480 1714 1509 B.
1756 1478 1816 1509 Sed
1833 1478 1856 1509 si
1870 1490 1948 1521 prae-

1098 1531 1238 1561 cedentia
1258 1538 1394 1572 reputas,
1413 1530 1507 1571 possit
1530 1529 1621 1560 etiam
1638 1529 1667 1560 11.
1682 1529 1703 1560 1.
1721 1542 1785 1560 esse
1801 1530 1946 1569 cohibuit,

1098 1583 1241 1613 retinuit.
1266 1582 1343 1612 Vide
1360 1581 1452 1611 modo
1466 1582 1546 1612 Lex.
1562 1581 1710 1623 Xenoph.
1727 1582 1755 1612 Ι.
1771 1593 1800 1623 p.
1816 1582 1887 1612 262.
1901 1593 1944 1624 sq.

190 1630 350 1662 dirimunt.
377 1631 427 1662 Cf.
442 1631 605 1662 Demosth.
621 1630 651 1661 in
670 1631 813 1662 Midiana
829 1632 859 1671 ξ.
874 1641 923 1670 24.
940 1643 972 1673 p.
983 1641 1036 1673 52.
1055 1637 1079 1664 Ε
1099 1634 1192 1664 Mox:
1212 1634 1249 1666 ὡς
1264 1635 1300 1664 τὰ
1316 1634 1475 1664 σύσπαστα
1490 1633 1640 1671 βαλάντια
1655 1644 1693 1663 ex
1710 1632 1848 1663 Platonis
1865 1634 1947 1663 Con-

190 1690 220 1713 et
244 1684 274 1723 ξ.
294 1691 341 1723 25.
366 1694 396 1724 p.
413 1690 467 1723 57.
492 1683 540 1712 ed.
558 1683 743 1713 Buttmann.
775 1682 973 1713 Valckenaer.
997 1683 1037 1713 ad

190 1734 338 1764 Ammon.
356 1734 384 1764 I.
405 1744 451 1775 15.
475 1745 505 1775 p.
524 1734 575 1775 63.
600 1741 631 1765 et
652 1734 691 1765 de
716 1737 873 1772 διαιτηταῖς
896 1734 1037 1765 universe

190 1785 310 1816 doctam
326 1787 375 1816 M.
391 1786 436 1816 H.
451 1785 670 1816 Hudtwalkeri
685 1785 928 1816 dissertationem
941 1798 947 1816 :
974 1786 1038 1816 Ue-

189 1836 244 1867 ber
264 1837 314 1867 die
336 1836 548 1868 oeffentlichen
573 1837 638 1868 und
656 1837 1034 1868 Privat-Schiedsrichter⁶

189 1888 392 1919 Diaeteten-in
410 1888 528 1918 Athen.
546 1889 632 1919 Jena.
648 1888 738 1920 1822.
787 1888 886 1918 Mox:
911 1891 969 1919 τῶν
983 1901 1035 1919 πο-

189 1943 314 1970 λιτικῶν·
341 1945 359 1954 “
373 1942 516 1970 πολιτικοὶ
540 1951 600 1970 non
624 1946 696 1970 sunt
716 1939 808 1977 cives,
825 1939 878 1970 sed
896 1939 962 1977 viri,
980 1939 1034 1982 qui

1099 1685 1180 1715 vivio
1203 1697 1233 1727 p.
1250 1695 1320 1725 190.
1337 1692 1416 1715 extr.
1441 1696 1470 1726 p.
1486 1694 1560 1723 404.
1578 1684 1695 1715 lit-kk:
1723 1684 1768 1715 καὶ
1793 1684 1946 1715 συνέλκων

1097 1737 1286 1776 πανταχόθεν
1301 1736 1334 1766 τὸ
1356 1736 1446 1775 δέρμα
1470 1736 1517 1766 ἐπὶ
1540 1736 1592 1774 τὴν
1613 1735 1745 1775 γαστέρα
1768 1738 1819 1766 νῦν
1837 1740 1944 1766 καλου-

1096 1787 1198 1826 μένην,
1212 1788 1312 1826 ὥσπερ
1325 1789 1360 1817 τὰ
1374 1788 1534 1818 σύσπαστα
1549 1787 1709 1825 βαλάντια.
1733 1786 1868 1817 Deinde:
1887 1790 1945 1818 τῶν

1096 1838 1504 1877 μελῶν-συνθλιβομένων.
1552 1838 1691 1868 Plotinus
1714 1839 1773 1869 IV.
1789 1849 1818 1877 4.
1834 1848 1887 1879 34.
1912 1850 1943 1880 p.

1094 1891 1168 1930 428.
1186 1897 1264 1920 extr.
1278 1903 1284 1920 :
1310 1891 1372 1920 οἷον
1388 1889 1487 1930 χειρὸς
1502 1891 1538 1920 τὰ
1554 1891 1777 1928 συνθλιβόμενα
1793 1891 1839 1921 καὶ
1857 1893 1944 1930 νεῦρα

1096 1941 1142 1971 καὶ
1158 1941 1274 1980 φλέβες
1290 1943 1506 1979 συμπαθοῦντα.
1554 1941 1717 1983 Denique:
1744 1942 1829 1974 αὐτός
1845 1955 1871 1972 τι
1886 1955 1942 1972 πα-

190 1991 427 2033 Rempublicam
450 1997 574 2033 gerunt,
592 1991 797 2033 Magistratus
812 1998 843 2021 et
860 1991 1032 2021 Senatores.
1053 1994 1076 2021 F
1095 1994 1157 2023 θεῖν
1172 1991 1189 2030 ἢ
1206 1995 1311 2032 δρᾶσαι
1327 1992 1378 2022 τὸν
1393 1995 1561 2022 Πλωτῖνον.
1600 1993 1671 2022 Hae
1686 1992 1829 2024 antithesi
1845 1993 1943 2024 delec-
1989 2029 1991 2031 ¹

190 2041 309 2072 Eodem
334 2054 423 2073 sensu
447 2054 540 2084 supra
556 2054 582 2073 c.
597 2051 623 2082 7.
646 2042 697 2073 τὸν
718 2041 870 2073 πολιτικὸν
891 2042 1034 2081 ἡρημένος

189 2093 286 2130 βίον.”
309 2094 436 2123 Fabric.
488 2095 536 2124 De
566 2093 632 2124 aliis
662 2092 936 2135 significationibus
967 2093 1031 2124 vid.

190 2143 314 2174 Ernesti
342 2144 420 2174 Lex.
446 2144 635 2187 Technolog.
662 2145 816 2176 Graecorr.
841 2145 970 2176 Rhetor.
1000 2157 1029 2187 p.

190 2194 367 2234 278-281.
405 2194 497 2225 Adde
514 2195 659 2226 Proclum
676 2195 707 2226 in
724 2196 826 2226 Alcib.
844 2208 888 2238 pr.
910 2207 941 2238 p.
956 2205 1030 2238 203.

191 2255 261 2285 2¹3·
278 2252 308 2275 et
324 2244 538 2287 Olympiodor.
559 2247 589 2277 in
613 2247 745 2278 eundem
769 2259 799 2289 p.
816 2257 848 2286 4.
868 2257 938 2289 129.
958 2258 1028 2289 135.

188 2298 242 2328 Cr.

1094 2051 1178 2075 tatur
1201 2044 1357 2086 praecipue
1382 2043 1583 2074 Herodianus
1600 2044 1684 2075 I-Iist.
1708 2052 1742 2075 ut
1765 2045 1793 2075 I.
1815 2053 1862 2085 17.
1884 2046 1940 2075 16:

1093 2095 1207 2135 φθάσαι
1234 2108 1260 2126 τι
1287 2095 1449 2135 δράσαντες
1475 2094 1491 2133 ἦ
1518 2098 1633 2126 παθεῖν.
1680 2096 1729 2126 Cf.
1756 2096 1824 2126 III.
1846 2106 1892 2127 11.
1913 2107 1940 2128 Ι.

1094 2147 1164 2177 III.
1182 2156 1208 2178 2.
1226 2156 1274 2177 10.
1305 2147 1360 2176 IV.
1377 2156 1406 2184 4.
1423 2156 1452 2186 5.
1491 2147 1638 2177 Ceterum
1656 2146 1694 2177 de
1709 2146 1800 2188 genio
1815 2147 1941 2178 fortiore

1092 2206 1122 2228 et
1138 2197 1334 2228 imbecilliore
1358 2197 1465 2227 similia
1489 2196 1620 2239 legimus
1643 2210 1692 2241 ap.
1713 2198 1870 2229 Plutarch.
1890 2200 1941 2230 De

1092 2249 1232 2280 Fortuna
1249 2249 1404 2279 Romanu.
1420 2249 1497 2279 VII.
1515 2260 1546 2290 p.
1560 2259 1633 2290 320.
1649 2251 1691 2280 A.
1708 2260 1826 2291 p.311.
1844 2250 1938 2292 Wyt-

1091 2301 1174 2332 tenb.
1200 2300 1252 2331 ubi
1279 2300 1367 2330 amici
1393 2301 1502 2330 Marco
1526 2300 1666 2330 Antonio
1690 2300 1872 2331 Triumviro
1894 2301 1937 2332 ita

232 2359 261 2389 p.
279 2347 330 2377 lxi.
350 2346 376 2378 h.
398 2346 574 2390 Ὀλύμπιος]
601 2352 621 2366 “
635 2350 686 2379 Ex
709 2350 776 2391 ejus
798 2349 878 2380 forte
900 2351 1029 2392 posteris
1047 2358 1073 2386 G
1091 2352 1289 2394 profitentur:
1306 2351 1393 2382 Ἀλλ’
1408 2352 1422 2381 ὁ
1439 2351 1491 2383 σὸς
1507 2352 1617 2390 δαίμων
1630 2352 1791 2391 (Antonii)
1805 2352 1856 2382 τὸν
1873 2353 1936 2383 τού.

189 2399 353 2441 Olympius
378 2399 410 2428 ἐν
433 2399 602 2438 φιλοσόφου
626 2400 762 2440 σχήματι,
785 2400 824 2431 de
846 2413 910 2443 quo
934 2403 1028 2433 Sozo-

186 2461 295 2481 menus
312 2450 389 2479 VII.
412 2449 484 2489 15.’'
509 2450 632 2480 Fabric.
679 2451 851 2494 Olympum
870 2453 952 2484 hunc
969 2454 1026 2485 ho-

185 2502 297 2532 minem
314 2500 449 2542 appellat
465 2500 504 2530 ad
521 2500 679 2531 Plotinum
697 2503 765 2533 111.
784 2512 812 2534 2.
837 2515 866 2545 p.
888 2506 956 2535 126.
974 2505 1027 2535 Fi-

185 2554 282 2590 cinus,
299 2561 328 2583 et
352 2553 408 2582 hoe
432 2552 554 2582 nomine
577 2552 691 2583 relatus
713 2553 803 2584 etiam
824 2562 869 2585 est
885 2554 914 2585 in
932 2556 1026 2586 Cata—

184 2604 288 2645 logum
308 2603 579 2646 Peripateticorum
594 2614 612 2633 a
628 2603 748 2634 Fabric.
768 2605 805 2634 B.
825 2605 880 2636 Gr.
901 2607 970 2636 III.
994 2619 1025 2648 p.

184 2665 256 2696 501.
269 2655 359 2686 Harl.
411 2655 494 2685 Hinc
512 2655 629 2685 Hasius
642 2654 680 2686 V.
693 2654 740 2686 Cl.
757 2655 796 2685 ad
810 2656 861 2687 Jo.
876 2657 1026 2688 Laurent.

1089 2416 1140 2434 του
1167 2406 1306 2443 φοβεῖται
1331 2402 1534 2442 (Octaviani).
1583 2404 1663 2434 Cum
1695 2403 1742 2433 his
1771 2404 1935 2445 conjuncta

1089 2462 1171 2492 sunt,
1183 2466 1254 2496 quae
1270 2453 1416 2484 continuo
1432 2453 1471 2484 dc
1484 2453 1608 2484 Plotino
1624 2454 1711 2485 addit
1728 2455 1931 2497 Porphyrius,

1088 2517 1151 2547 quo
1174 2514 1351 2547 sequentem
1378 2505 1581 2535 narrationem
1606 2513 1787 2536 connectat:
1818 2506 1853 2543 ἣν
1876 2507 1931 2544 γὰρ

1088 2559 1160 2587 κατὰ
1173 2557 1292 2596 γένεσιν
1304 2558 1429 2596 (natura
1439 2557 1506 2587 Fir.
1529 2556 1672 2598 genitura
1684 2557 1825 2595 Fabric.)
1836 2556 1930 2586 πλέον

1087 2621 1113 2638 τι
1135 2608 1212 2648 ἔχων
1227 2610 1305 2646 παρὰ
1326 2608 1391 2640 τοὺς
1413 2609 1533 2640 ἄλλους.
1581 2607 1758 2638 Consimilia
1774 2607 1811 2636 ‹le
1828 2606 1927 2648 Apol-

1087 2658 1168 2689 lonio
1185 2659 1316 2700 Tyaneo
1337 2658 1439 2700 prodit
1456 2658 1620 2701 Eunapius
1641 2670 1670 2700 p.
1687 2669 1718 2699 3.
1736 2657 1850 2689 Boiss.:
1874 2657 1925 2688 Ἀ-
