2201 2990
605 147 669 186 IN
699 145 810 184 LIB.
834 146 907 184 IV.
941 145 1197 185 ENNEAD.
1229 146 1482 185 TERTIAE.

184 247 236 278 ubi
260 258 298 278 ex
324 257 386 277 uno
407 243 529 275 seminis
549 243 636 285 jactu
665 241 799 284 plurima
823 247 1020 283 generantur.

184 291 228 321 Et
244 297 307 321 tota
321 298 446 331 prorsus
460 286 524 316 vita
538 292 583 316 est
597 285 627 316 in
643 284 779 327 qualibet
795 284 909 326 plantae
921 290 1019 325 parte,

183 333 235 364 ubi
251 343 321 374 pars
335 335 494 372 amputata
506 328 600 358 vitam
617 339 739 358 servans
754 327 864 358 iterum
881 326 1022 357 coalescit

182 373 342 406 universali
358 371 478 403 interim
499 370 673 402 conferente
695 377 813 401 natura.
859 370 1021 400 Memento

180 428 301 448 rursum
318 414 497 458 qualitatem
520 413 630 444 animm
652 413 819 455 propriam,
837 412 1022 443 daemonem-

180 472 240 502 que
255 458 311 502 ipsi
335 457 535 488 domesticum
553 456 671 498 ingredi
686 456 797 493 fatum,
813 455 940 497 quando
955 466 1023 485 mu-

180 502 271 534 tabile
285 512 396 543 corpus
418 499 610 541 ingreditur:
635 511 669 529 ac
694 504 806 540 praeter
826 509 1021 529 communem

179 544 314 587 patiendi
343 542 548 574 conditionem
578 541 733 584 propriam
766 553 892 583 quoquc
925 541 1022 572 effica-

179 588 255 619 ciam
278 586 442 629 possidcrc,
459 593 494 616 ut
516 597 576 616 non
598 592 719 616 tantum
742 584 878 626 patiatur
900 583 930 614 in
948 585 1022 623 fato,

179 630 231 663 sed
246 638 333 672 agat:
359 628 511 672 siquidem
536 639 600 659 sors
622 634 749 659 externa
771 627 956 671 plerumque
978 627 1020 659 si·-

1827 160 1902 199 511

1066 240 1145 271 milis
1160 241 1264 271 evadit
1278 241 1442 278 dissimilis,
1459 242 1534 272 dum
1552 244 1687 274 moribus
1707 244 1906 276 dissimilibus

1065 283 1194 314 accidit:
1220 290 1314 324 atque
1335 290 1440 314 contra
1463 284 1572 314 animis
1597 285 1674 316 inter
1701 299 1731 317 sc
1757 288 1907 319 similibus

1066 325 1177 356 similes
1198 326 1335 357 evadunt
1360 334 1455 357 sortes
1478 327 1557 357 inter
1580 338 1610 357 se
1625 328 1714 359 valde
1737 330 1907 362 dissimiles.

1065 370 1124 399 Est
1146 377 1250 400 autem
1272 369 1374 400 anima
1400 369 1431 399 in
1455 369 1519 400 fato
1544 370 1661 400 ratione
1683 373 1828 413 corporis,
1852 386 1909 405 cze-

1066 411 1148 443 lestis
1167 411 1292 454 quidem
1317 420 1352 443 ut
1376 424 1480 454 agens,
1504 412 1693 454 reliquorum
1718 426 1790 444 vero
1813 417 1910 458 magis

1065 462 1101 485 ut
1116 455 1244 497 patiens.
1291 454 1470 486 Collocatur
1486 467 1558 486 vero
1579 467 1596 486 a
1612 456 1697 486 fatali
1720 457 1910 490 revolutione

1065 498 1130 529 caeli
1141 498 1207 541 jam
1222 498 1335 529 mobile
1349 509 1473 540 corpus,
1490 498 1625 541 ingressa
1641 499 1669 529 in
1686 499 1820 540 quadam
1839 513 1909 532 con-

1065 541 1181 573 ditione
1197 541 1331 573 fortunae
1356 541 1525 572 secundum
1546 550 1662 572 certum
1679 542 1817 572 ordinem
1833 543 1910 575 elec-

1065 584 1154 615 tionis
1181 584 1291 616 scilicet
1321 584 1601 627 conceptionisque,
1625 593 1654 616 ct
1681 585 1851 623 infusionis,
1879 595 1909 619 et

1064 635 1162 659 ortus.
