2201 2990
584 135 645 174 IN
678 135 786 174 LIB.
811 133 890 172 III.
922 133 1177 172 ENNEAD.
1208 132 1505 171 SECUNDAE.

195 243 266 271 tam,
283 246 352 276 qua¹
373 232 505 264 medium
522 243 538 262 e
553 231 679 271 vestigio
695 230 842 272 sequitur,
859 237 889 260 et
903 230 1021 260 occasui

194 277 393 319 propinquior
407 283 462 311 est,
478 285 569 315 quam
587 273 732 304 medium.
762 274 880 303 Nonam
897 272 1022 314 quidem

194 331 312 361 magna*
335 317 484 359 religionis
504 316 611 346 aedem.
657 316 794 346 Tertiam
812 327 882 345 vero
899 315 1024 345 minoris

193 363 357 404 appellant,
381 369 410 391 et
432 361 533 390 Deum
550 366 642 400 atque
666 359 783 389 Deam:
808 369 907 400 neque
923 366 1024 388 tamen

195 413 266 435 sunt
295 403 476 445 angulares:
510 402 712 432 Undecimum
740 401 803 443 spei
829 408 859 431 et
885 400 1024 431 amicitia¹

194 447 440 478 fundamentum:
463 444 607 481 Quintam
624 444 728 485 gaudii
745 444 845 474 sedem
862 451 954 485 atque
970 443 1025 473 fili-

194 501 292 520 orum.
319 489 424 524 Mitto,
437 487 531 529 quod,
547 487 621 517 dum
639 487 729 517 solem
747 486 871 529 quidem
888 486 917 516 in
935 497 1024 523 nona,

196 533 318 563 Lunam
342 542 412 561 vero
435 530 463 560 in
492 530 579 560 tertia
604 529 739 571 gaudere
764 529 881 566 volunt,
906 529 1025 559 interim

194 574 348 617 oppositos
371 573 502 604 faciunt:
527 572 748 614 oppositionem
770 584 841 602 vero
863 572 1027 602 formidare

193 624 426 648 consueverunt.
466 615 571 652 Mitto,
588 615 671 657 quod
688 627 756 645 cum
775 615 966 646 Mercurium
983 615 1028 645 di-

195 667 275 697 cant,
287 659 421 701 gaudere
435 666 503 689 ortu
517 659 619 701 potius
634 670 725 700 quam
737 670 858 689 occasu:
879 659 1025 688 Venerem

196 715 268 733 vero
292 702 418 733 vicissim
443 713 550 732 occasu
578 701 680 743 potius
705 713 796 743 quam
824 710 893 731 ortu
920 701 1026 737 la‘tari,

195 745 330 787 gaudere
350 745 437 775 simul
454 757 504 774 eos
519 756 552 775 ac
568 756 694 774 moerere
709 744 822 786 pariter
836 744 1026 775 fatebuntur.

199 790 277 820 Nam
303 788 424 830 planeta
446 787 520 817 dum
545 787 609 818 aliis
633 787 807 818 hominibus
830 787 938 824 oritur,
964 787 1029 817 aliis

196 831 316 867 occidit,
333 838 425 872 atque
440 843 456 860 e
471 842 627 861 converso:
648 842 717 861 cum
731 831 866 861 Orientis
880 830 1029 872 angulum

197 886 260 905 esse
276 874 346 904 vitae
364 873 533 915 incipientis
547 873 695 915 angulum
715 874 919 904 arbitrentur:
944 873 1028 903 vita:-

196 929 258 959 que
280 928 360 947 mors
382 917 417 947 sit
440 917 598 958 opposita:
623 928 678 947 cur
698 928 758 947 non
779 916 927 958 angulum
945 916 1031 947 Occi-

198 959 297 990 dentis
313 959 430 990 Orienti
446 959 620 1002 oppositum
638 960 727 990 morti
742 960 921 1001 designant?
947 960 1031 990 Huic

198 1003 278 1033 enim
300 1002 454 1044 assignant
469 1010 605 1033 octavam
627 1003 729 1033 sedem
744 1002 893 1033 occidenti
908 1002 1032 1044 propin-

198 1057 311 1088 quam:
336 1057 464 1087 eamque
488 1047 620 1077 Saturno
642 1046 848 1077 cotmnittunt.
895 1046 955 1076 Sed
978 1057 1033 1076 cur

199 1089 288 1120 etiam
305 1088 433 1131 primam
450 1089 727 1130 domunt,vita=que
738 1089 885 1131 originem
900 1090 1033 1119 Saturno

200 1132 438 1162 commendant?
461 1132 547 1173 quasi
564 1132 593 1162 in
610 1143 702 1162 manu
719 1133 785 1174 ejus
801 1133 837 1163 sit
854 1143 935 1162 mors
950 1131 1032 1174 pari-

202 1182 247 1205 ter
262 1182 354 1216 atque
371 1175 442 1205 vita.
487 1174 547 1205 Sed
565 1175 662 1212 video,
678 1187 741 1216 quo
755 1175 943 1216 confugient.
982 1176 1035 1205 Sa-

203 1225 294 1248 turno
309 1217 499 1260 planetarum
523 1218 621 1259 primo
644 1218 772 1259 primam
795 1218 963 1248 attribuent
978 1217 1032 1248 do-

202 1271 286 1291 mum
300 1273 306 1290 :
331 1260 403 1290 Jovi
418 1260 607 1301 planetarum
632 1261 776 1297 secundo,
793 1261 969 1299 secundam,
986 1272 1033 1291 as-

202 1303 342 1334 cendenti
358 1304 386 1333 in
404 1303 529 1334 Oriente
545 1304 630 1345 signo
646 1316 662 1334 e
673 1304 799 1345 vestigio
812 1304 1034 1334 succedentem:

205 1347 301 1376 Marti
317 1346 453 1377 tertiam:
477 1354 617 1388 quartam
641 1347 721 1378 Soli:
749 1347 855 1377 Veneri
878 1347 1036 1388 quintam:

206 1389 362 1420 Mercurio
385 1398 518 1420 sextam:
543 1390 701 1431 septimam
723 1390 854 1431 denique
879 1391 990 1426 Lunae,
1006 1389 1037 1420 id

204 1440 249 1462 est
264 1432 383 1474 signum
400 1432 430 1462 in
443 1432 609 1463 Occidente
624 1433 764 1463 locatum.
790 1434 927 1463 Rursum
944 1433 1039 1474 igitur

204 1486 223 1505 a
239 1476 372 1505 Saturno
393 1475 552 1506 exordium
577 1475 768 1518 planetarum
792 1483 930 1518 repetent
944 1475 974 1505 in
990 1487 1038 1505 oc-

205 1525 285 1554 tava,
298 1517 350 1548 sed
361 1530 432 1548 cum
448 1518 558 1549 iterum
575 1526 643 1560 post
661 1520 827 1549 Saturnum
844 1530 953 1549 nonam
967 1518 1038 1549 Jovi

205 1560 377 1597 tribuerint,
398 1561 490 1591 Marti
507 1561 665 1599 decimam,
684 1561 745 1592 Soli
763 1561 964 1598 undecimam,
981 1561 1039 1591 Ve-

205 1603 269 1634 neri
291 1603 514 1642 duodecimam,
538 1604 612 1634 nihil
634 1605 699 1646 jam
726 1604 782 1635 erit
808 1604 928 1646 reliqui,
954 1604 1038 1646 quod

206 1647 364 1678 Mercurio
380 1648 538 1689 Lunaeque
561 1648 747 1678 successione
770 1646 858 1678 simili
877 1647 1037 1678 dedicent:

206 1701 338 1731 quorum
365 1698 465 1720 tamen
489 1690 621 1721 duorum
647 1691 773 1721 effectus
799 1690 1041 1721 manifestissime

207 1733 342 1763 omnium
358 1740 427 1774 post
444 1733 543 1764 Solem
559 1733 643 1776 apud
660 1745 714 1764 nos
729 1741 890 1776 apparent:
909 1733 964 1764 nisi
980 1734 1041 1763 for-

209 1787 260 1806 san
276 1775 440 1806 ascendens
462 1776 572 1807 iterum
595 1777 671 1807 sicut
695 1778 838 1814 Saturno,
855 1777 896 1808 sic
913 1778 1039 1807 Mercu-

209 1818 264 1855 rio,
282 1819 443 1860 Lunaeque
465 1819 704 1857 accommodent,
721 1820 805 1862 quod
821 1820 963 1862 fingentis
985 1819 1042 1850 erit

211 1861 322 1908 potius,
338 1873 430 1903 quam
445 1862 589 1893 docentis.
637 1863 770 1893 Proinde
790 1875 845 1893 cur
859 1870 964 1894 aetates
986 1863 1042 1893 ho-

212 1915 300 1933 mlms
321 1904 385 1946 jam
415 1905 477 1935 nati
507 1917 567 1936 non
593 1906 699 1936 eodem
726 1914 830 1937 tenore
857 1906 1042 1948 designant?

214 1947 332 1988 Nempe
354 1947 459 1978 ordine
481 1960 626 1979 converso
648 1949 777 1991 primam
801 1950 913 1986 Lunae,
934 1960 1043 1979 secun-

213 1988 283 2019 dam
308 1990 463 2021 Mercurio
484 1991 647 2029 destinant,
672 1992 869 2034 similiterque
891 1992 1043 2034 deinceps,

216 2032 328 2079 Verum
354 2032 506 2064 enimvero
527 2034 591 2065 haec
617 2035 718 2065 onmia
744 2035 879 2077 pet-bella
905 2042 986 2072 sunt,
1010 2046 1045 2066 ac

215 2082 337 2116 penitus
358 2075 525 2113 arbitraria,
541 2077 630 2107 nullis
646 2078 769 2108 omnino
784 2078 953 2109 rationibus
972 2089 1044 2108 con-

215 2118 342 2164 firmata.
389 2118 531 2150 Similiter
556 2120 748 2151 arbitrarium
771 2130 828 2158 est,
852 2121 936 2163 quod
960 2122 1047 2151 Mer-

217 2172 347 2195 curium,
364 2172 454 2201 quem
471 2162 556 2192 facile
576 2163 614 2193 ad
635 2163 748 2194 malum
772 2164 849 2195 sicut
871 2164 910 2195 ad
931 2164 1045 2194 bonum

216 2203 351 2234 converti
368 2211 488 2244 putant,
504 2205 533 2235 in
550 2205 615 2236 loco
632 2206 700 2237 vitae
715 2207 901 2238 exordientis
917 2206 1001 2237 velut
1016 2207 1045 2237 in

218 2245 332 2286 ¹gaudio
357 2246 524 2278 collocant:
558 2260 613 2278 cur
638 2260 698 2279 non
727 2249 827 2280 Solem
854 2250 966 2292 potius,
993 2256 1047 2280 aut

220 2290 380 2324 Venerem,
396 2296 449 2319 aut
465 2290 597 2321 Jovem?
622 2292 687 2322 Cur
709 2292 779 2323 item
802 2293 994 2323 Mercurium
1018 2300 1047 2323 et

218 2331 343 2362 rationis
358 2339 510 2362 auctorem
527 2333 626 2369 simul,
639 2341 669 2364 et
683 2335 721 2365 ad
737 2335 851 2365 malum
867 2335 943 2366 adeo
954 2335 1048 2366 lubri-

220 2386 288 2405 cum
316 2375 524 2405 arbitrantur?
563 2376 621 2406 Sed
646 2377 760 2408 frustra
783 2378 822 2408 ab
846 2378 881 2408 iis
903 2378 1049 2409 rationem

220 2417 337 2448 diutius
360 2417 415 2447 bac
435 2417 463 2447 in
486 2429 517 2448 re
537 2418 583 2448 vel
606 2418 656 2449 illa
679 2420 810 2462 requirO,
827 2421 880 2461 qui
897 2420 980 2450 nulla
996 2432 1052 2451 un-

221 2472 312 2502 quam
337 2460 462 2497 ratione,
484 2461 646 2502 swpissime
667 2473 737 2492 vero
760 2462 956 2493 similitudine
978 2475 1052 2504 qua-

221 2503 291 2534 dam
316 2503 493 2544 imaginaria
513 2512 540 2533 et
559 2503 639 2533 inani
654 2505 877 2546 comparatione
900 2505 1050 2537 nituntur.

223 2546 299 2584 Quis
314 2557 373 2576 non
390 2546 491 2576 videat
514 2559 564 2576 cos
586 2546 688 2588 inepte
710 2547 836 2577 nimium
853 2551 1051 2589 comparare?

222 2600 318 2630 quum
337 2590 515 2625 Saturnum,
532 2589 604 2630 quia
620 2589 656 2619 sit
672 2589 834 2620 altissimus
852 2591 1052 2632 planetarum,

223 2631 432 2673 significetque
449 2632 587 2662 tenebras
603 2640 632 2662 ct
647 2632 826 2669 absentiam,
839 2633 925 2674 signo
940 2645 1055 2664 accom-

224 2674 347 2705 modent
369 2675 557 2706 ascendenti:
584 2686 651 2705 nam
672 2682 701 2707 et
724 2683 849 2717 propter
863 2675 1053 2707 altitudinem

279 2733 370 2757 VOL.
393 2734 417 2757 I.

1825 144 1900 181 209

1065 228 1206 260 convenit
1227 228 1253 258 ei
1273 228 1407 258 medium
1425 227 1533 257 caelum
1557 225 1669 266 potius,
1685 238 1777 267 quam
1800 238 1900 256 ascen-

1067 272 1150 308 dens,
1169 278 1199 301 et
1214 278 1339 312 propter
1355 270 1495 300 tenebras
1515 277 1544 298 ct
1567 268 1744 305 absentiam,
1761 280 1829 298 eum
1848 272 1901 299 Sa-

1068 322 1159 344 turno
1174 320 1349 354 congruunt
1372 312 1475 354 potius
1498 311 1583 351 signa
1599 310 1655 340 sub
1672 318 1760 347 terra,
1778 323 1869 351 quain
1886 324 1901 341 c

1068 357 1155 387 terris
1169 355 1346 386 ascendens.
1391 356 1463 385 -Jam
1480 365 1552 383 vero
1568 353 1684 395 puerile
1704 353 1830 382 nimium
1847 361 1902 389 est,

1070 401 1236 430 Saturnum
1261 398 1373 429 idcirco
1396 397 1578 440 portendere
1602 395 1688 425 nobis
1711 395 1752 425 rei
1775 395 1904 436 alicujus

1067 442 1246 477 absentiam,
1270 441 1342 483 quia
1365 441 1429 482 ipse
1452 440 1489 470 sit
1512 440 1643 469 distans:
1676 438 1802 480 perinde
1824 449 1858 467 ac
1882 438 1904 467 si

1069 486 1162 515 Luna
1177 484 1304 515 stultitia
1320 484 1407 514 simili
1424 484 1534 513 referat
1550 493 1611 512 rem
1629 489 1820 523 przesentem,
1834 480 1906 521 quia

1069 528 1256 570 propinqua,
1281 527 1434 568 mediique
1457 526 1588 568 planetae
1609 525 1708 566 gradu
1733 523 1821 553 simili
1846 534 1906 553 me-

1070 571 1145 602 dias.
1190 571 1300 612 Neque
1316 570 1417 600 minus
1432 569 1570 599 insanum
1588 575 1643 604 est,
1661 567 1800 597 tenebras
1815 566 1908 606 assig-

1071 626 1142 645 nare
1156 616 1299 651 Saturno,
1311 613 1365 655 qui
1381 612 1548 643 innumeris
1562 610 1799 651 ingentibusque
1815 608 1908 639 stellis

1069 669 1162 699 quam
1179 656 1348 698 proximus,
1365 655 1441 686 mira
1456 654 1623 685 necessario
1637 661 1818 684 cunctarum
1842 652 1908 682 luce

1070 708 1224 731 coruscat:
1250 699 1352 741 potius
1376 710 1447 729 vero
1469 697 1628 728 fatendum
1652 703 1707 732 est,
1727 695 1851 726 oculum
1874 695 1904 724 in

1071 744 1137 785 ejus
1154 743 1268 773 lumine
1279 742 1449 784 judicando
1461 741 1571 782 decipi,
1585 751 1677 781 quam
1692 738 1792 769 minus
1809 738 1908 768 lucere

1074 788 1252 817 Saturnum.
1301 785 1481 816 Summatim
1500 783 1615 814 veroin
1632 782 1774 813 omnibus
1795 783 1845 820 (ut
1865 781 1909 811 di-

1072 830 1192 869 cebam)
1216 829 1255 859 ad
1279 829 1397 859 inanem
1426 839 1497 858 mox
1520 826 1748 857 similitudinem
1771 824 1911 866 confugi-

1074 878 1141 909 unt,
1168 871 1253 902 nulla
1277 883 1436 902 causarum
1468 870 1572 900 habita
1601 869 1726 899 ratione.
1772 869 1909 898 Curnani

1073 915 1239 946 ascendens
1262 915 1300 945 ab
1317 914 1443 945 Oriente
1459 913 1542 944 sidus
1557 912 1741 954 principium
1758 911 1829 941 vitae
1847 910 1908 952 sig-

1074 958 1200 989 nificat?
1234 958 1314 996 Quia
1342 957 1431 988 simul
1458 965 1487 987 et
1513 968 1529 986 e
1556 955 1688 986 tenebris
1714 962 1802 985 terra¹
1828 953 1913 984 sidus

1075 1001 1213 1043 emergit,
1230 1008 1260 1032 ct
1283 1014 1298 1031 e
1319 1000 1451 1031 tenebris
1473 999 1531 1030 alvi
1556 1006 1646 1029 natus
1668 997 1835 1038 egreditur.
1882 997 1909 1025 O

1076 1056 1188 1075 vanum
1206 1055 1330 1086 prorsus
1344 1043 1622 1074 machinamentum
1637 1043 1643 1071 l
1674 1040 1817 1071 Similiter
1832 1039 1913 1070 dicet

1076 1087 1203 1129 aliquis:
1246 1088 1338 1117 Pater
1363 1098 1445 1116 nunc
1471 1085 1629 1127 egrediens
1655 1083 1787 1120 civitate,
1814 1082 1913 1112 filium

1078 1130 1225 1171 significat
1243 1130 1335 1160 domo
1350 1129 1438 1160 simul
1451 1128 1668 1169 egredientem,
1681 1134 1774 1168 atque
1789 1126 1914 1166 insuper

1077 1174 1139 1204 filio
1155 1173 1298 1204 conducit
1314 1172 1491 1215 egredienti.
1537 1171 1652 1201 Verum
1669 1170 1691 1199 si
1708 1169 1783 1211 quid
1798 1169 1840 1199 ita
1856 1168 1915 1210 sig-

1078 1217 1264 1247 nificandum
1293 1216 1341 1253 sit,
1369 1215 1452 1245 sidus
1483 1213 1558 1244 illud
1588 1213 1702 1255 potine„
1729 1211 1812 1254 quod
1841 1219 1914 1242 tunc

1077 1260 1222 1295 ascendit,
1239 1270 1336 1300 quum
1360 1258 1493 1300 primum
1519 1256 1619 1286 vivere
1640 1255 1746 1297 incipit
1768 1255 1862 1285 soetus
1884 1254 1915 1284 in

1080 1304 1159 1339 alvo,
1176 1302 1324 1343 significet
1340 1301 1444 1337 vitain,
1458 1300 1591 1340 vitaeque
1605 1298 1789 1341 principium
1802 1310 1808 1327 :
1831 1297 1915 1338 quod

1082 1357 1180 1387 neque
1206 1345 1379 1381 observant,
1404 1354 1502 1384 neque
1527 1343 1688 1373 observare
1712 1340 1774 1371 ulla
1800 1340 1916 1370 ratione

1080 1395 1219 1430 possunt.
1265 1389 1331 1418 Cur
1352 1387 1423 1417 item
1447 1385 1547 1416 media
1568 1385 1633 1415 caeli
1657 1384 1740 1426 regio
1762 1383 1918 1426 portendit

1081 1431 1274 1461 nascentibus
1289 1430 1467 1472 dignitatem
1481 1441 1486 1459 :
1513 1440 1598 1465 num,
1615 1427 1759 1469 quoniam
1774 1426 1919 1457 altissima

1081 1474 1167 1505 sedes
1193 1474 1351 1516 dignitatis
1377 1472 1526 1514 significat
1552 1470 1770 1501 altitudinem?
1813 1469 1862 1500 Sic
1889 1476 1918 1499 et

1082 1517 1268 1548 domicilium
1285 1523 1442 1558 quartum,
1459 1515 1531 1557 quia
1554 1514 1591 1544 sit
1613 1513 1745 1555 angulus
1768 1512 1920 1543 subterra-

1083 1572 1170 1597 neus,
1188 1559 1338 1590 somniant
1354 1559 1512 1590 thesauros
1535 1557 1592 1587 sub
1609 1564 1688 1588 terra
1710 1556 1838 1586 latentes
1861 1555 1920 1597 sig-

1083 1603 1214 1634 nificare.
1260 1603 1292 1633 Si
1308 1603 1385 1633 adeo
1400 1602 1456 1632 bac
1472 1602 1541 1631 ficta
1556 1599 1753 1631 similitudine
1768 1599 1920 1629 delectan-

1084 1654 1144 1684 tur,
1167 1646 1345 1688 conjugium
1369 1656 1494 1687 quoque
1518 1655 1572 1685 per
1596 1643 1793 1684 conjunctum
1817 1652 1920 1672 ascen-

1084 1689 1169 1720 denti
1184 1690 1305 1731 signum
1322 1688 1491 1719 describere
1507 1687 1690 1718 debuerunt.
1714 1684 1805 1723 Quod
1818 1692 1918 1715 tamen

1084 1744 1138 1775 per
1153 1733 1316 1775 septimum
1341 1731 1549 1774 praenuntiant
1572 1729 1661 1771 longe
1681 1728 1719 1759 ab
1739 1727 1920 1759 ascendente

1084 1784 1254 1806 remotum:
1280 1775 1331 1805 sed
1355 1774 1503 1816 quidnam
1521 1772 1678 1803 Occidenti
1701 1783 1770 1802 cum
1795 1770 1921 1801 Oriente

1085 1819 1240 1861 conjugii?
1266 1818 1429 1856 Quoniam,
1452 1816 1607 1859 inquiunt,
1628 1827 1643 1845 e
1667 1814 1789 1856 regione
1812 1813 1920 1844 utrim-

1086 1874 1147 1904 que
1162 1861 1238 1892 radii
1254 1861 1498 1903 conjunguntur.
1546 1859 1592 1889 Sit
1614 1858 1656 1888 ita
1678 1869 1758 1888 sane.
1806 1857 1921 1887 Verum

1086 1917 1141 1936 cur
1163 1905 1253 1935 etiam
1276 1916 1331 1946 per
1354 1903 1512 1946 septimam
1536 1902 1614 1932 banc
1636 1901 1762 1931 domum
1786 1899 1923 1930 inimicos

1088 1948 1237 1990 significat
1252 1947 1446 1978 manifestos?
1471 1947 1623 1981 Planetas‚
1636 1944 1734 1980 aiunt,
1748 1942 1922 1974 ascendenti

1087 1990 1321 2034 propinquiores
1331 1989 1500 2031 juvenilem
1516 1994 1636 2019 aetatem
1652 1998 1768 2028 regere,
1785 1985 1924 2016 remotio-

1088 2046 1135 2065 res
1150 2045 1222 2064 vero
1237 2033 1370 2063 senilem.
1402 2034 1480 2063 Sane
1495 2031 1622 2062 nimium
1640 2029 1812 2072 pueriliter:
1837 2028 1924 2070 quasi

1087 2077 1190 2108 localis
1212 2076 1260 2107 hic
1283 2076 1428 2107 transitus
1446 2074 1530 2105 velut
1553 2074 1663 2105 chorea
1685 2072 1856 2103 ludentium
1880 2083 1925 2102 re-

1090 2128 1181 2163 pente
1197 2131 1250 2161 per
1264 2127 1350 2150 actus
1365 2119 1485 2156 efficiat,
1499 2124 1533 2148 ut
1548 2117 1579 2147 hi
1592 2116 1716 2159 quidem
1729 2115 1926 2145 dominentur

1089 2163 1186 2206 prius,
1205 2163 1247 2193 illi
1268 2174 1340 2192 vero
1360 2161 1512 2199 differant,
1526 2168 1556 2191 et
1579 2167 1652 2190 tunc
1675 2159 1799 2189 demum
1822 2165 1926 2200 agant,

1090 2206 1215 2248 quando
1236 2205 1301 2247 jam
1329 2212 1399 2235 sunt
1426 2216 1444 2235 a
1469 2203 1562 2246 priori
1590 2202 1696 2233 babitu
1723 2201 1926 2232 remotissimi.

1090 2249 1204 2280 Dicant
1220 2256 1377 2291 praetcrea,
1391 2246 1642 2289 quandoquidem
1659 2244 1850 2275 similitudini
1866 2251 1928 2274 stu-

1091 2292 1175 2329 dent,
1191 2303 1316 2323 curnam
1333 2291 1514 2322 duodecima
1535 2289 1636 2332 plaga,
1652 2288 1683 2318 in
1704 2299 1798 2329 quam
1821 2287 1858 2317 ad
1883 2286 1929 2317 lu-

1091 2347 1154 2366 cem
1179 2335 1317 2377 pervenit
1343 2333 1518 2370 ascendens,
1542 2332 1690 2374 significet
1713 2341 1875 2366 carcerem,
1899 2336 1927 2360 et

1093 2378 1212 2409 occulta
1236 2378 1348 2420 potiuS,
1374 2388 1468 2419 quam
1491 2375 1634 2412 secunda,
1658 2386 1695 2405 ex
1720 2385 1782 2415 qua
1807 2373 1890 2403 velut
1914 2384 1929 2402 e

1094 2421 1226 2452 tenebris
1248 2430 1291 2451 est
1315 2419 1532 2462 emergentium
1547 2421 1559 2449 ?
1586 2419 1624 2448 In
1640 2417 1783 2448 omnibus
1798 2416 1930 2457 denique

1094 2464 1231 2495 similiter
1249 2465 1290 2495 ita
1309 2463 1450 2501 delirant,
1467 2469 1644 2504 coguntque
1666 2468 1791 2491 caeteros
1806 2459 1853 2489 vel
1869 2470 1931 2489 ere-

1095 2507 1201 2537 dentes
1231 2507 1298 2543 illis,
1329 2506 1377 2537 vel
1406 2518 1477 2536 cum
1507 2505 1549 2536 eis
1579 2504 1696 2535 diutius
1727 2503 1929 2544 disputantes,

1096 2549 1191 2580 ferme
1214 2550 1350 2580 similiter
1370 2549 1509 2587 delirare,
1525 2547 1608 2590 quod
1627 2547 1803 2577 Abumasar
1819 2544 1864 2574 vel
1887 2543 1931 2572 in-

1096 2592 1177 2622 vitus
1193 2593 1337 2623 ostendit.
1385 2592 1446 2622 Ubi
1462 2591 1542 2622 enim
1559 2601 1675 2626 causas,
1691 2600 1746 2619 cur
1761 2588 1803 2618 ita
1818 2585 1932 2616 duode-

1097 2634 1154 2665 cim
1178 2635 1288 2666 domus
1312 2646 1373 2665 una
1394 2646 1464 2665 cum
1487 2633 1592 2664 officiis
1614 2632 1675 2663 suis
1697 2629 1930 2663 distribuantur,

1098 2677 1250 2719 assignare
1266 2677 1442 2709 contendit:
1467 2677 1509 2707 ait
1525 2676 1604 2707 inter
1620 2686 1650 2706 se
1665 2672 1832 2713 astrologos
1847 2669 1932 2700 dissi-

1129 2734 1195 2760 Ee
