2201 2990
332 195 382 234 50

330 279 387 309 mis
401 277 441 309 ad
457 277 640 309 universales
662 289 693 308 se
714 277 821 320 recipit
838 278 966 308 formas:
992 286 1096 306 rursus
1118 273 1157 304 ad

331 321 514 352 universales
528 321 634 363 magis,
650 321 746 352 donec
761 320 799 351 ad
815 318 1074 351 communissimas
1088 328 1157 358 per-

332 365 432 395 veniat
446 365 569 401 formas,
586 364 680 406 ipsius
696 364 759 405 jam
781 362 988 404 intelligentiae
1003 359 1156 402 proprias:

333 407 385 438 ubi
405 408 495 438 finem
515 407 614 438 facere
634 406 756 437 videtur
775 406 805 436 in
828 413 938 442 mente,
954 415 971 434 a
986 414 1048 444 qua
1070 401 1159 431 etiarn

332 450 504 492 argumenti
524 451 668 480 virtutem
689 449 785 485 ducit,
801 449 876 479 dum
899 445 1078 489 principales
1100 443 1157 490 sci-

332 493 492 531 entiarum,
509 493 682 540 artiumque
697 492 817 533 regulas
832 488 996 521 intellectui
1014 486 1159 517 naturall-

333 545 379 567 ter
394 536 496 567 insitas
512 536 566 566 sibi
582 536 638 578 ipsi
653 535 821 577 praescribit
837 541 980 573 tauquam
996 540 1160 571 argumen-

334 579 418 610 tandi
443 579 598 621 principia.
646 578 693 608 Sic
718 578 820 619 itaque
846 584 875 606 et
901 573 1047 604 intuendo
1070 573 1159 602 finem

334 622 411 653 sistit
425 622 454 652 in
471 630 588 652 mente:
613 629 642 651 et
664 617 905 660 argumentando
921 616 1014 647 trahit
1028 627 1046 646 a
1061 621 1161 645 mente

334 665 536 707 principium:
561 672 590 694 et
613 663 730 699 merito,
747 661 889 703 quoniam
910 659 992 690 velut
1016 657 1162 699 posterior

334 708 512 739 naturaliter
526 707 596 737 inde
611 705 771 748 dependet.
817 703 901 734 Finis
920 702 1024 744 itaque
1039 701 1163 731 rationis

335 759 390 788 est,
410 762 465 793 pro
480 750 595 781 viribus
618 756 717 779 mente
741 746 837 789 potiri.
885 745 967 775 Hinc.
990 756 1062 786 ergo
1085 755 1162 786 quo-

336 794 409 824 tidie
424 793 542 830 nititur,
555 800 703 834 quantum
720 801 778 820 non
795 788 971 830 impeditur,
984 787 1080 829 magis
1095 798 1162 828 gra-

336 837 442 874 datim,
456 835 612 877 magisque
632 841 731 864 mente
747 831 878 862 formari.
926 832 1005 861 Cum
1022 841 1094 860 vero
1110 841 1163 872 po-

337 879 431 910 tentia
454 879 517 909 haec
542 886 685 918 tanquam
710 874 816 917 speciei
841 874 911 904 huic.
935 873 1080 904 naturalis
1103 884 1162 903 non

337 923 374 953 sit
400 922 505 958 inanis,
531 929 660 951 mentem
687 917 873 960 quandoque
899 916 1017 958 assequi
1043 923 1161 958 potest:

337 965 524 1005 eandemque
548 963 658 992 virtute
680 961 811 1002 denique
834 960 948 1002 perfici,
964 971 1026 1001 qua
1041 967 1069 989 et
1085 970 1163 1000 quo—

338 1008 410 1039 tidie
432 1006 560 1049 proficit.
607 1006 686 1035 Cum
702 1016 774 1034 vero
793 1003 929 1046 potentia
950 1002 1104 1033 rationalis
1125 1001 1163 1032 ad

338 1051 447 1082 ideales
462 1048 667 1089 intelligentiae
683 1048 795 1077 formas
814 1054 843 1076 ct
867 1045 986 1087 regulas
1004 1046 1068 1087 jam
1092 1055 1162 1086 pro—

337 1093 466 1128 cesserit,
484 1100 555 1122 tunc
571 1090 653 1121 velut
674 1090 799 1120 materia
813 1089 953 1130 qua‘dam
978 1088 1043 1130 ipsa
1064 1095 1165 1117 metue

338 1135 518 1167 formabitur
533 1133 618 1175 quasi
635 1134 742 1169 forma,
759 1140 787 1163 et
810 1132 867 1162 sub
888 1131 996 1161 mentis
1018 1138 1086 1161 actu
1098 1131 1162 1171 jam

338 1187 422 1221 aget:
450 1179 550 1219 Atque
573 1177 613 1207 ita
636 1176 759 1206 demum
783 1174 863 1205 illius
884 1175 944 1205 vita
963 1173 1054 1211 vivet,
1072 1173 1165 1203 vivet-

339 1234 398 1263 que
413 1222 510 1251 beata.
556 1219 645 1257 Quod
670 1219 692 1249 si
713 1219 768 1249 hac
789 1218 818 1247 iu
837 1219 896 1248 vita
918 1226 1062 1258 tanquam
1079 1227 1166 1246 occu-

339 1273 409 1307 pata
424 1263 548 1294 diversis
570 1261 725 1304 acquirere
748 1261 864 1302 nequit,
880 1260 1066 1302 adipiscetur
1081 1259 1109 1289 iu
1126 1258 1167 1289 al-

340 1317 422 1338 tera:
446 1314 475 1337 et
491 1306 540 1336 ille
553 1305 641 1336 eitius
656 1312 868 1345 consequetur,
885 1303 937 1344 qui
954 1315 984 1333 se
999 1303 1036 1333 ad
1054 1302 1083 1332 id
1101 1314 1168 1343 pro-

340 1350 460 1392 pensius
476 1348 702 1390 comparaverit.
738 1348 773 1377 In
793 1346 905 1377 Plotini
922 1346 1021 1376 verbis
1037 1345 1166 1381 notabis,

341 1393 523 1424 intellectum
540 1391 692 1433 quendam
710 1402 772 1421 esse
793 1390 927 1420 intimam
953 1388 1168 1431 propriamque

341 1436 433 1478 ipsius
448 1436 556 1465 anima¹
572 1442 700 1476 partem.
746 1435 793 1463 Ac.
817 1433 993 1474 priusquam
1014 1431 1090 1462 ratio
1106 1439 1167 1461 tota

340 1486 532 1509 convertatur
547 1477 584 1507 ad
602 1485 744 1513 mentem,
761 1476 861 1506 adhuc
880 1476 908 1505 in
929 1475 1029 1505 anima
1045 1486 1107 1504 csse
1123 1474 1167 1503 in-

341 1522 503 1558 tellectum,
520 1529 612 1561 atque
636 1520 791 1554 rationem,
808 1527 951 1560 tanquam
969 1518 1045 1547 duas
1061 1517 1168 1547 anima*

341 1574 456 1606 partes:
481 1572 642 1606 postquam
664 1574 734 1592 vero
753 1573 896 1592 conversa
917 1561 1018 1596 fuerit,
1036 1560 1168 1590 intellec-

342 1616 405 1638 tum
430 1619 488 1637 nou
512 1606 643 1649 amplius
665 1618 727 1635 esse
751 1613 878 1646 partem,
896 1604 945 1634 sed
970 1604 1104 1634 animum
1123 1603 1167 1644 ip—

342 1663 406 1680 sum
424 1663 485 1680 esse
502 1658 574 1680 tunc
590 1648 786 1679 intellectum:
812 1648 863 1689 qui
880 1655 959 1677 certe
974 1647 1093 1677 animus·
1109 1657 1167 1675 non

343 1694 425 1735 prius
441 1702 484 1723 est
500 1693 583 1729 felix,
600 1692 654 1721 uisi
671 1699 753 1722 totus
773 1699 841 1721 actu
859 1690 1029 1720 intellectus
1049 1689 1167 1719 evadat.

345 1738 452 1766 Ferme
474 1736 548 1766 sicut
574 1734 710 1765 sublimis
732 1738 782 1764 a‘er
804 1734 861 1763 sub
884 1733 1002 1774 spluera
1026 1732 1103 1772 iguis
1125 1740 1168 1762 est

343 1780 458 1821 igneus,
475 1779 599 1819 agitque
617 1786 648 1807 ut
665 1778 753 1819 ignis:
772 1776 947 1818 quinetiam
966 1787 1063 1817 neque
1079 1775 1170 1804 liomo

343 1831 396 1858 cst,
421 1822 475 1852 uisi
499 1821 682 1851 intellectum
708 1820 811 1850 saltem
836 1819 942 1849 lrabeat
970 1819 997 1848 in
1025 1818 1168 1860 potentia.

344 1866 434 1902 (Quod
453 1864 574 1906 quidem
593 1872 716 1905 propter
731 1862 870 1892 animalia
886 1862 973 1891 bruta
991 1861 1104 1891 dictum
1124 1872 1169 1890 ar-

344 1909 456 1938 bitror:
489 1908 517 1937 iu
545 1918 675 1948 quorum
700 1905 966 1947 inmgiuatiouilms
993 1905 1015 1933 si
1042 1916 1102 1945 qua
1127 1904 1171 1933 vis

344 1951 581 1991 argumentatrix
611 1950 697 1987 inest,
720 1949 825 1990 nequit
855 1957 953 1978 tamen
983 1955 1083 1977 tuente
1112 1947 1170 1976 for-

345 1994 428 2023 mari.
470 1994 547 2023 Cum
565 1993 642 2023 euim
661 1992 790 2033 propria*
806 1991 914 2021 mentis
930 1992 1036 2020 forma·
1051 1989 1172 2019 stabiles

346 2048 467 2066 ommno
482 2044 511 2065 et
526 2046 777 2065 communissima·
793 2043 861 2069 smt,
876 2042 982 2063 merito
997 2041 1172 2073 imaginatio

346 2079 426 2109 bruti
444 2090 497 2120 per
512 2079 622 2108 forinas
638 2090 716 2114 suas,
733 2085 760 2107 et
785 2076 980 2119 particulares
996 2084 1126 2110 tautum,
1143 2084 1170 2105 et

346 2122 480 2157 mobiles,
498 2133 650 2162 nunquam
669 2128 767 2162 potest
788 2129 887 2149 meute
902 2119 1035 2149 formari.
1082 2118 1173 2148 Ratio

348 2176 417 2194 vero
433 2176 486 2206 per
502 2164 611 2193 formas·
632 2176 700 2193 suas
715 2163 853 2204 quamvis
868 2161 1095 2204 quodammodo
1112 2173 1173 2190 mo-

347 2207 431 2243 biles,
456 2215 554 2237 tamen
579 2206 759 2236 universales
781 2214 879 2247 potest
906 2205 943 2235 ad
967 2204 1174 2243 intelligentia*

348 2250 459 2280 formas
473 2249 656 2290 quaudoque
672 2249 807 2290 perduci.
854 2250 925 2278 Post
951 2248 1015 2277 lucc
1038 2247 1172 2288 disputat

348 2292 495 2334 ejusmodi
517 2292 686 2321 felicitatem
711 2300 835 2333 propter
855 2302 958 2321 curam
982 2289 1129 2324 animalis,
1146 2302 1174 2319 e-

344 2337 458 2377 jnsque
484 2335 671 2364 incoimnoda
698 2335 818 2364 minime
842 2333 1030 2375 perturbari:
1061 2332 1175 2373 quippe

349 2390 416 2408 cum
433 2377 551 2408 animus
567 2377 606 2407 sic
622 2378 746 2407 affectus
761 2376 870 2407 animal
888 2387 946 2406 non
963 2387 1025 2405 esse
1042 2375 1086 2404 sui
1103 2386 1172 2416 par-

350 2430 409 2451 tem
433 2420 594 2454 existimet,
616 2420 665 2449 sed
689 2420 803 2461 aliquid
819 2419 865 2450 vel
883 2431 919 2449 ex
936 2431 971 2448 eo
986 2418 1112 2453 factum,
1130 2417 1174 2447 rel

350 2476 412 2494 sua)
428 2462 625 2505 providentioe
637 2463 891 2492 cmnmendatum.
915 2461 1057 2491 Affirmat
1074 2468 1175 2490 autem

350 2507 427 2537 inter
442 2506 506 2536 haec
524 2505 674 2539 Plotinus,
691 2505 823 2535 animum
839 2505 879 2535 sic
894 2505 1034 2534 affectum
1060 2503 1178 2533 sibimet

352 2550 464 2580 bonum
488 2548 625 2584 existere,
649 2547 758 2577 scilieet
783 2559 836 2589 per
860 2546 1091 2578 intellectualem
1115 2546 1177 2576 for-

347 2594 442 2628 mam,
456 2602 546 2633 quam
565 2601 662 2632 nuper
678 2590 829 2620 rationalis
844 2590 961 2620 animus
977 2597 1021 2620 est
1037 2589 1175 2619 indutus:

352 2635 488 2670 indutus,
506 2634 640 2674 inquam,
658 2633 714 2662 sub
734 2632 886 2662 intellectu
910 2633 1049 2673 proprio:
1074 2643 1178 2673 ‹piem-

352 2677 517 2708 admodum
539 2684 568 2706 ct
591 2676 731 2718 proprius
754 2674 922 2705 intellectus
945 2676 982 2705 ab
1003 2675 1088 2705 initio
1104 2674 1179 2705 diri-

774 176 1196 220 ARGUMENTUM
1227 173 1456 214 MARSIL.
1488 173 1590 212 FIC.

1201 282 1273 302 num
1298 269 1438 300 induitur
1461 269 1659 300 intellectum.
1704 271 1812 311 Atque
1834 269 1956 299 omnino
1979 281 2034 311 per

1202 313 1400 350 intellectum,
1427 320 1457 343 et
1487 313 1656 360 proprium,
1683 319 1713 343 et
1738 312 1888 349 divinum,
1915 312 2035 342 animus

1202 359 1268 398 ipso
1283 356 1364 386 bono
1379 355 1558 397 perfruitur.
1605 355 1695 393 Quod
1712 354 1835 397 quidem
1859 354 1889 384 in
1914 366 1944 385 se
1966 355 2036 385 sim-

1203 399 1321 442 pliciter
1340 399 1455 429 bonum
1479 406 1533 436 est,
1555 398 1585 428 in
1606 398 1761 428 intellectu
1777 409 1849 428 vero
1868 397 2034 435 essentiale,

1202 441 1303 479 vitale,
1317 440 1530 479 intellectuale,
1545 441 1734 483 intelligibile
1748 441 1874 471 bonum.

1418 526 1481 556 Quae
1498 526 1672 562 Peripatetici
1687 524 1822 559 objiciunt.

1249 575 1284 604 V.
1310 573 1458 611 Quintum
1479 572 1548 603 libri
1566 581 1658 614 caput
1679 572 1852 602 summatim
1869 579 2037 609 enumerat,

1206 628 1277 658 quae
1299 616 1369 646 huic
1392 615 1542 646 felicitatis
1565 614 1731 646 definitioni
1755 614 1792 644 sit
1811 615 2037 656 Peripateticus

1206 659 1316 701 aliquis
1335 659 1523 700 objecturus,
1540 667 1569 689 et
1589 670 1659 699 quae
1682 657 1720 687 ad
1741 657 1913 687 felicitatem
1939 668 2038 687 neces-

1208 703 1284 733 saria
1300 702 1472 737 videantur,
1488 708 1714 731 numeraturus.
1744 700 1830 730 Inter
1841 700 1905 730 haec
1920 699 2038 730 notabis

1207 745 1324 786 magica
1339 744 1483 774 veneficia
1497 744 1526 774 in
1543 755 1654 785 corpus
1668 751 1697 773 et
1713 743 1842 772 animam
1858 754 1944 784 posse
1965 754 2039 773 non-

1207 788 1292 825 nihil,
1309 787 1392 829 quod
1408 794 1437 817 et
1456 786 1645 829 Porphyrius
1668 785 1791 816 asserit:
1815 785 1982 827 praesertim
2006 785 2037 816 in

1207 831 1321 862 animas
1337 829 1564 871 quodammodo
1579 828 1703 867 debiles,
1719 827 1748 858 id
1765 836 1819 865 est,
1832 828 2039 869 imaginationi

1207 874 1353 910 addictas,
1371 884 1424 903 nec
1440 872 1594 903 intellectu
1611 872 1694 902 velut
1711 870 1844 901 Palladis
1864 870 1971 913 clypeo
1986 871 2038 902 ha-

1208 925 1314 958 staque
1337 916 1479 946 munitas.
1527 915 1586 945 Sed
1602 915 1639 945 de
1656 913 1815 950 veneficiis,
1832 913 2038 944 fascinationi-

1209 960 1326 1001 busque
1350 958 1420 989 satis
1441 959 1469 988 in
1488 958 1659 1000 Theologia
1674 965 1703 988 et
1720 956 1870 987 Convivio
1884 956 1922 986 de
1937 968 2039 987 amore

1208 1011 1382 1034 tractamus,

1209 1088 1296 1114 Finem
1311 1087 1432 1113 ultimum
1448 1095 1501 1112 esse
1515 1086 1607 1112 bonum
1625 1094 1705 1111 unum
1725 1085 1823 1111 scilicet
1842 1094 1981 1116 summum,
1999 1085 2038 1110 in-

1358 1127 1494 1161 telligibile
1508 1126 1549 1152 vel
1561 1126 1700 1161 plusquam
1717 1125 1891 1160 intelligibile.

1253 1174 1310 1204 VI.
1335 1173 1388 1203 Ad
1411 1173 1476 1203 baec
1498 1173 1526 1202 in
1548 1172 1645 1214 capite
1669 1172 1734 1202 libri
1759 1179 1843 1202 sexto
1859 1172 2037 1213 respondet:

1212 1217 1242 1247 Si
1259 1216 1430 1246 felicitatem
1452 1216 1482 1246 in
1503 1227 1603 1245 rerum
1625 1215 1825 1245 humanarum
1843 1214 2041 1256 prosperitate

1211 1268 1241 1290 et
1267 1258 1485 1300 tranquillitate
1511 1258 1643 1300 quadam
1670 1257 1818 1299 ejusmodi
1848 1268 2039 1298 poneremus,

1212 1302 1308 1344 sequi,
1325 1314 1395 1343 qua*
1417 1314 1434 1332 a
1455 1300 1662 1343 Peripateticis
1684 1301 1802 1341 obiecta
1825 1308 1905 1336 sunt,
1930 1299 2041 1331 scilicet

1212 1357 1272 1375 non
1289 1358 1351 1375 esse
1368 1345 1494 1381 felicem,
1511 1344 1559 1374 cui
1582 1343 1708 1374 adversa
1728 1343 1913 1383 contingant.
1959 1344 2039 1373 Cum

1211 1400 1282 1418 vero
1298 1388 1415 1418 beatam
1433 1387 1524 1417 vitam
1547 1387 1576 1416 in
1598 1386 1661 1427 ipsa
1685 1386 1773 1428 primi
1794 1386 1950 1427 divinique
1970 1386 2041 1416 boni

1212 1431 1396 1473 possessione
1412 1441 1573 1472 ponamus:
1597 1441 1650 1459 nec
1667 1429 1783 1470 reliqua
1799 1436 1954 1470 praeterea,
1971 1440 2041 1470 quae

1211 1474 1356 1504 dicuntur
1371 1474 1460 1509 bona,
1479 1473 1548 1502 liuic
1564 1480 1663 1502 censet
1679 1471 1920 1502 annumeranda:
1943 1483 2042 1514 neque

1212 1517 1320 1547 borum
1337 1516 1485 1547 contraria
1502 1515 1671 1545 felicitatem
1690 1523 1778 1557 putat
1793 1515 1880 1545 nobis
1894 1514 2040 1545 adimere:

1212 1560 1303 1590 modo
1318 1560 1436 1589 interim
1458 1559 1496 1589 al)
1514 1559 1578 1600 ipsa
1593 1558 1750 1588 divinitate
1770 1558 1893 1588 minime
1908 1557 2043 1588 disceda-

1212 1614 1290 1632 mus.
1335 1602 1394 1633 Cui
1411 1602 1533 1643 quidem
1551 1601 1698 1642 quamdiu
1714 1601 1895 1643 conjunctus
1915 1608 1959 1631 est
1980 1601 2042 1630 ani-

1212 1657 1289 1682 mus,
1314 1657 1401 1687 aeque
1426 1646 1547 1674 beatum
1571 1644 1664 1674 dicit:
1692 1652 1721 1674 et
1747 1643 1769 1673 si
1794 1655 1904 1685 corpus
1927 1643 2041 1674 interca

1212 1688 1368 1719 doloribus
1384 1694 1571 1729 toi-(pientur.
1612 1686 1649 1717 Id
1666 1686 1805 1728 equidem
1825 1686 1980 1716 Plotinum
1997 1698 2043 1716 ar-

1212 1731 1307 1761 bitror
1323 1743 1380 1761 non
1398 1738 1457 1761 tam
1477 1730 1645 1760 Stoicorum
1662 1729 1771 1766 verbis,
1787 1741 1878 1770 quam
1896 1729 2041 1760 Christia-

1213 1786 1320 1804 norum
1345 1782 1512 1816 martyrum
1538 1785 1592 1803 suo
1614 1772 1713 1803 seculo
1730 1772 1934 1813 frequentium
1950 1784 2042 1814 opera

1213 1817 1368 1847 didicisse:
1396 1818 1480 1847 'l'um
1505 1828 1575 1846 vero
1595 1824 1683 1856 negat
1705 1815 1877 1845 felicitatem
1901 1815 1930 1845 in
1953 1826 2042 1845 aecu-

1214 1860 1378 1890 mulatione
1393 1859 1525 1900 quadam
1548 1859 1695 1900 majorum
1719 1858 1932 1899 minorumque
1950 1858 2043 1888 bono-

1205 1914 1281 1933 rum
1299 1916 1361 1933 esse
1382 1903 1571 1944 ponendam:
1597 1913 1666 1942 qua·
1686 1901 1809 1942 quidem
1831 1901 1894 1942 ipse
1915 1901 2042 1936 minora,

1215 1958 1284 1987 qua*
1307 1946 1451 1976 dicuntur
1474 1945 1562 1981 bona,
1588 1952 1688 1985 potius
1711 1944 1875 1973 necessaria
1897 1943 2042 1973 nominat.

1219 1991 1302 2019 Deus
1325 1990 1461 2031 profecto
1484 1996 1600 2017 natura·
1622 1995 1739 2023 auctor,
1762 1994 1898 2016 nostrum
1923 1986 2044 2025 animal,

1216 2032 1316 2069 idest,
1333 2043 1443 2073 corpus
1465 2031 1567 2060 virens
1590 2038 1732 2071 tanquam
1758 2029 1963 2071 imperfectius
1985 2029 2041 2059 ali-

1216 2075 1291 2116 quid
1316 2075 1437 2104 subesse
1459 2074 1567 2103 anima·
1591 2072 1697 2102 voluit.
1743 2072 1863 2102 Dehine
1890 2072 1918 2101 in
1945 2072 2044 2102 anima

1217 2117 1459 2158 imaginationem
1489 2116 1589 2146 subdit
1623 2115 1740 2148 rationi,
1768 2115 1913 2145 rationem
1940 2115 2044 2152 menti,

1217 2169 1347 2191 mentem
1375 2160 1506 2201 denique
1532 2159 1610 2188 sibi:
1646 2158 1750 2187 eadem
1779 2157 1893 2188 ratione
1918 2158 2043 2194 bonum,

1218 2205 1369 2244 finemque
1386 2202 1541 2244 proprium
1558 2201 1705 2236 animalis,
1718 2200 1768 2230 fini
1781 2201 1922 2242 bonoque
1936 2201 2045 2231 animae

1218 2246 1328 2276 servire
1353 2245 1517 2275 coustituit.
1572 2246 1678 2285 Atque
1705 2244 1733 2273 in
1761 2243 1861 2274 anima
1887 2243 2043 2285 proprium

1219 2288 1439 2330 imaginationis
1469 2289 1557 2318 linem
1585 2286 1636 2316 fini
1667 2286 1789 2328 proprio
1814 2286 1947 2322 rationis,
1974 2286 2044 2316 item

1218 2331 1395 2362 familiarem
1413 2330 1534 2360 rationis
1549 2330 1638 2359 finem
1656 2330 1706 2359 fini
1723 2329 1830 2359 mentis
1845 2329 1954 2359 servire
1969 2340 2046 2371 prae-

1218 2375 1297 2415 cepit
1313 2387 1318 2404 :
1342 2374 1394 2415 qui
1411 2385 1491 2410 sane,
1508 2372 1765 2414 quemadmodum
1789 2372 1930 2414 proprius
1944 2380 1987 2402 est
2003 2372 2047 2401 in-

1220 2417 1394 2458 telligentize
1411 2417 1487 2451 linis,
1503 2417 1542 2446 sic
1562 2424 1590 2446 et
1610 2415 1677 2445 finis
1697 2415 1887 2456 sequentium
1903 2422 1947 2444 est
1961 2426 2045 2444 com—

1220 2460 1330 2497 munis,
1355 2459 1523 2500 finiumque
1545 2458 1622 2488 finis.
1668 2458 1871 2495 Quamobrem
1895 2457 2048 2487 rationalis

1221 2503 1328 2533 animae
1351 2502 1418 2532 linis
1444 2513 1503 2532 nou
1526 2513 1563 2531 ex
1586 2501 1711 2531 diversis
1736 2500 1822 2530 bonis
1844 2499 2047 2541 componitur,

1222 2545 1271 2575 sed
1289 2554 1331 2575 est
1349 2545 1447 2587 ipsum
1465 2544 1670 2585 intelligentiae
1691 2543 1821 2573 bonum:
1846 2542 1883 2572 ad
1900 2542 1984 2583 quod
1999 2554 2049 2572 ve-

1222 2588 1265 2618 lut
1291 2590 1329 2618 ad
1356 2590 1444 2618 tinem
1470 2588 1551 2617 bona
1574 2586 1729 2628 sequentia
1753 2586 1945 2615 referuntur:
1969 2597 2048 2627 prae-

1222 2631 1321 2661 sertim
1339 2642 1406 2661 cum
1424 2631 1542 2660 animus
1559 2638 1631 2660 tune
1652 2628 1748 2658 solum
1771 2628 1878 2658 beatus
1900 2627 2049 2658 existime-

1222 2682 1284 2711 tur,
1307 2673 1431 2715 quando
1458 2684 1516 2703 uon
1542 2672 1668 2703 ulterius
1691 2671 1719 2701 in
1747 2670 1835 2712 plura
1860 2670 2049 2707 distrahitur,
