2201 2990
810 133 958 167 PETR.
989 133 1176 166 PERNAE
1204 133 1488 168 PRAEFATIO.
1971 153 2018 174 xv

276 237 427 270 bendum
446 235 604 267 animum
623 232 770 275 appulit.
819 231 931 276 Cujus
952 233 1061 265 vitam
1081 243 1159 264 cum
1181 231 1402 276 Porphyrius
1422 233 1610 277 diligenter
1628 241 1662 267 ct
1680 238 1816 279 copiose
1835 240 1880 272 sit
1898 251 2013 283 perse-

274 300 385 332 cutus,
405 303 475 325 non
499 295 551 323 est
575 301 637 323 cur
662 301 725 322 nos
752 293 869 322 actum
897 301 1062 334 agaunis:
1091 290 1149 322 sed
1176 290 1261 322 illud
1282 301 1391 322 unum
1421 290 1756 332 animadvertamus,
1776 295 1955 331 Plotinum
1976 300 2011 332 in

272 363 313 385 ea
330 356 487 393 tempora
506 348 680 386 incidisse,
699 347 827 391 quibus
847 347 1076 391 Philosophia
1096 347 1243 391 profana
1262 347 1477 380 Christiana*
1497 349 1677 393 religionis
1697 355 1779 383 tunc
1803 354 1904 398 longe
1929 357 2013 390 late-

271 420 339 452 que
357 406 567 451 emergentis
590 405 816 438 aemulatione
842 405 967 444 excita,
988 406 1136 439 veritate
1155 407 1299 449 insuper
1317 406 1524 450 dogmatum
1545 412 1675 446 coacta,
1695 408 1858 443 facillime
1878 412 2010 447 Christi

266 467 395 511 jugum
423 464 540 497 subire
567 463 750 507 potuisset,
771 463 839 495 nisi
868 463 1015 496 ambitio
1042 469 1076 496 et
1104 463 1312 507 improbitas
1340 474 1473 503 eorum,
1492 465 1551 507 qui
1580 465 1686 498 barba
1714 468 1888 511 pallioque
1908 476 2008 505 tenus

270 521 621 568 philosophabal‘itur,
636 521 890 565 sapientizeque
905 521 1068 564 opinione
1084 522 1228 567 turgidi,
1244 522 1417 564 imperitis
1436 526 1469 554 et
1489 522 1607 555 idiotis
1628 534 1750 566 parere
1766 527 2008 569 turpissinnim

269 593 343 615 esse
361 580 546 618 ducebant,
566 579 769 613 obstitisset.
824 579 881 612 Illi
901 580 993 612 enim
1014 591 1092 612 cum
1112 580 1357 613 auctoritatem
1384 580 1568 623 sapientise
1594 581 1761 624 profamc,
1780 585 1870 616 tueri
1894 587 2010 619 stude-

269 644 358 679 rent,
385 639 613 672 observarent
640 638 783 670 interim
811 649 881 671 non
908 642 980 670 tam
1009 638 1187 670 rationum
1215 637 1422 676 subtilitate,
1450 649 1554 681 qnam
1584 650 1721 674 morum
1751 644 1950 684 sanctitate,
1976 651 2010 678 et

268 698 518 731 miraculorum
539 695 738 739 frequentia
756 696 922 739 pietatem
943 695 1183 729 Christianam
1207 697 1294 728 niti:
1322 696 1436 739 ipsum
1458 696 1664 731 Acheronta
1689 710 1828 733 movere
1852 713 1922 734 non
1947 703 2010 736 du-

264 742 438 793 bitarunt,
458 754 523 786 hoc
542 758 593 786 est
612 752 678 785 sub
697 758 872 796 praetextu
897 753 1130 797 philosophia²
1158 754 1325 787 humanae
1351 753 1509 799 Magiam
1538 755 1574 788 in
1602 756 1799 791 subsidium
1827 760 2007 794 advocare.

270 813 393 858 Itaque
417 817 495 856 post
514 811 745 855 Apollonium
766 811 964 856 Tyameum
986 813 1101 857 (cujus
1126 813 1343 845 admirandis
1371 813 1562 857 praestigiis
1589 816 1829 850 astutissimus
1856 820 2009 853 cacodze-

267 883 349 905 mon
377 870 511 904 Christi
539 869 623 913 Opt.
652 869 751 902 Max.
780 870 1030 903 miraculorum
1059 871 1304 903 auctoritatem
1333 870 1553 910 labefactare,
1581 873 1763 917 eidemque
1791 875 1884 909 hunc
1912 879 2008 911 velut

267 930 529 975 antagonistam
558 939 733 972 opponere
760 933 906 961 conatus
933 932 998 971 est>
1027 928 1192 961 Julianus
1218 928 1421 969 Chalclaeus,
1441 928 1735 977 Thamnaturgus
1763 934 1888 975 dictus,
1914 936 2007 969 Iam-

267 988 402 1021 blicbus
422 986 673 1025 Chalcidensis,
694 986 876 1019 Maximus
896 986 1085 1030 Ephesius,
1106 987 1278 1020 Libanius
1306 987 1475 1030 sophista,
1495 987 1657 1022 Amelius
1686 995 1720 1023 et
1743 991 1892 1035 Sopater
1909 994 2007 1038 Apa-

265 1057 411 1085 menses,
430 1045 592 1078 AEdesius
612 1044 816 1088 Cappadox,
837 1045 1100 1089 Chrysanthius
1127 1045 1274 1089 Lydius,
1298 1050 1332 1078 et
1359 1046 1488 1089 impius
1517 1047 1574 1079 ille
1604 1047 1824 1094 Porphyrius
1852 1063 1869 1084 e
1895 1052 2005 1096 Tyro,

264 1116 343 1137 cum
372 1103 575 1147 blasphemo
603 1102 729 1136 Proclo
756 1102 879 1147 Lycio,
906 1103 1185 1147 philosophicam
1213 1104 1348 1136 larvam
1377 1104 1496 1147 impiae
1524 1106 1652 1150 magias
1680 1108 1860 1142 induxere.
1914 1110 2004 1150 Quae

264 1174 348 1196 sane
375 1173 428 1195 res
456 1161 550 1200 fecit,
568 1166 609 1194 ut
630 1172 708 1194 eum
730 1161 774 1193 D.
789 1161 922 1195 Paulus
947 1162 991 1195 ab
1016 1163 1111 1195 inani
1136 1162 1360 1205 philosophia
1388 1162 1463 1205 pios
1491 1162 1666 1197 abstinere
1693 1167 1783 1199 serio
1809 1169 2003 1212 praecipiat,

264 1221 478 1255 Christianae
498 1219 677 1264 religionis
697 1224 884 1252 sectatores
903 1232 943 1253 eo
962 1221 1076 1253 seculo
1096 1232 1164 1253 11011
1184 1220 1287 1253 modo
1306 1219 1545 1263 philosophos,
1564 1227 1599 1254 et
1626 1224 1751 1256 merito
1770 1226 1923 1267 quidem,
1943 1228 2002 1260 sed

263 1284 298 1312 et
324 1277 585 1322 philosophiam
612 1278 724 1321 ipsam
753 1278 833 1310 licet
860 1278 1114 1317 immerentem,
1133 1278 1325 1321 impietatis
1352 1278 1582 1312 damnarent:
1611 1292 1720 1324 eoque
1747 1293 1801 1315 res
1829 1284 1944 1324 rediit,
1963 1290 2002 1318 ut

264 1337 397 1381 Magiae
416 1336 495 1369 odio
515 1335 711 1380 Theologia
729 1336 850 1369 divina
871 1336 1111 1380 Philosophiae
1135 1337 1278 1369 sincerae
1297 1335 1473 1369 famulatu
1497 1342 1602 1381 atque
1627 1339 1824 1373 ministerio
1842 1345 1914 1375 tam
1939 1343 2002 1376 110-

262 1395 402 1428 norario
421 1405 526 1438 quam
546 1394 740 1426 necessario
759 1394 899 1436 penitus
922 1399 1120 1438 exueretur.
1174 1394 1241 1427 Sed
1261 1405 1338 1426 cum
1359 1405 1429 1437 quo
1447 1406 1501 1427 res
1521 1407 1669 1440 quicque
1693 1401 1920 1441 praestantior
1938 1407 2000 1440 est,

260 1465 300 1486 eo
323 1453 453 1486 abusus
476 1451 551 1495 ejus
576 1451 727 1484 deterior
745 1464 819 1485 esse
843 1453 973 1485 soleat:
1002 1453 1190 1497 diligenter
1208 1452 1285 1485 llaec
1303 1463 1324 1485 a
1341 1463 1377 1485 se
1396 1453 1547 1486 invicem
1571 1455 1822 1500 distinguenda
1846 1458 1998 1497 fuerant,

260 1522 303 1543 ne
329 1510 423 1554 quod
450 1509 607 1542 moribus
634 1509 819 1543 hominum
847 1510 1051 1551 debebatur,
1076 1511 1142 1554 ipsi
1169 1511 1237 1544 arti
1266 1511 1511 1554 imputaretur.
1566 1512 1711 1547 Rectius
1731 1514 1766 1554 ii,
1788 1515 1894 1558 (inter
1912 1528 1998 1561 quos

260 1568 385 1601 Melito
404 1568 587 1600 Sardensis
615 1568 808 1611 episcopus,
829 1568 1020 1602 Frontonis
1048 1569 1247 1613 philosophi
1275 1569 1479 1612 discipulus,
1509 1569 1703 1604 Pautaenus
1731 1573 1815 1606 item
1842 1574 1999 1609 Alexan-

258 1627 381 1660 drinus
400 1626 549 1665 Stoicus,
565 1637 642 1658 cum
659 1626 840 1659 Clemente
855 1626 1111 1667 Alexandrino,
1126 1632 1160 1660 et
1174 1627 1380 1661 Alexandro
1397 1627 1803 1673 Hierosolymitanorum
1823 1633 1995 1678 episcopo,

259 1685 450 1728 discipulis,
467 1684 671 1723 Quadratus
691 1685 834 1728 pariter,
850 1690 884 1718 et
898 1685 1075 1718 Aristides
1093 1685 1334 1725 Atheniensis,
1347 1686 1511 1720 Justinus
1531 1693 1678 1732 martyr,
1694 1688 1893 1733 Cyprianus
1912 1692 1998 1725 Car*

257 1743 488 1788 thaginensis,
507 1754 631 1787 magus
650 1743 855 1787 priusquam
875 1744 1068 1787 episcopus,
1088 1744 1260 1789 Origenes
1280 1745 1424 1788 insuper
1442 1745 1644 1791 rEgyptius,
1663 1758 1741 1780 cum
1762 1749 1882 1782 multis
1902 1751 1995 1795 aliis)

257 1802 317 1845 qui
340 1803 495 1834 vanitate
523 1801 765 1844 philosophica
793 1802 932 1846 rejecta,
953 1803 1136 1835 veritatem
1164 1802 1455 1847 philosophicam,
1475 1805 1640 1837 revelatae
1660 1806 1801 1839 veritati
1821 1807 1995 1841 subancil-

256 1860 322 1892 lari
342 1870 495 1904 coegere,
510 1859 665 1903 adeoque
684 1859 762 1892 auri
777 1859 937 1904 Aegyptii
958 1860 1105 1893 vetitum
1126 1861 1256 1905 alioqui
1276 1872 1378 1894 usum
1398 1862 1441 1894 ad
1462 1862 1535 1894 veri
1555 1862 1622 1895 Dei
1641 1864 1775 1896 cultum
1795 1866 1993 1905 traduxere,

256 1922 355 1951 tanto
374 1928 544 1955 successu,
559 1921 599 1950 ut
617 1917 782 1950 Julianus
801 1918 977 1961 Apostata
996 1918 1085 1951 hanc
1104 1930 1210 1951 unam
1230 1920 1430 1963 extirpandi
1446 1919 1710 1954 Christianismi
1729 1923 1901 1956 rationem
1921 1935 1993 1957 esse

255 1976 400 2018 putarit,
419 1976 448 2008 si
468 1975 511 2008 ab
530 1975 750 2008 ethnicorum
770 1976 880 2009 literis
899 1981 1102 2009 arcerentur
1119 1977 1179 2020 pii,
1198 1977 1259 2021 qui
1278 1977 1372 2010 hisce
1390 1978 1565 2017 instructi,
1585 1980 1697 2012 multo
1715 1980 1931 2023 probabilius
1958 1990 1992 2015 et

256 2033 426 2066 efficacius
447 2034 630 2066 veritatem
656 2034 768 2077 ipsam
793 2039 988 2073 tuerentur,
1007 2035 1223 2078 suismetque
1250 2036 1357 2068 armis
1384 2036 1510 2079 impios
1537 2037 1755 2071 conficerent.
1809 2038 1889 2072 Etsi
1910 2051 1992 2074 vero

256 2090 447 2124 absurdum
467 2092 617 2130 videtur,
636 2091 795 2125 homines
814 2104 835 2125 a
853 2092 929 2125 Deo
947 2104 1098 2132 aversos,
1119 2104 1282 2136 veraeque
1309 2094 1450 2136 pietatis
1477 2106 1519 2127 ex
1545 2094 1701 2138 professo
1723 2096 1852 2136 hostes,
1871 2099 1914 2131 ad
1940 2100 1992 2132 ul-

255 2148 323 2180 lam
344 2149 488 2182 sincerae
503 2150 662 2182 veritatis
681 2150 761 2183 licet
779 2150 937 2194 profanae
953 2152 1188 2196 cognitionem
1207 2152 1390 2195 pervenire
1408 2153 1580 2196 potuisse:
1601 2158 1637 2186 at
1652 2165 1780 2199 magua
1798 2161 1850 2188 est
1865 2158 1989 2190 aeterni

255 2206 349 2239 illius
377 2206 547 2240 bonorum
572 2208 704 2241 datoris
729 2208 961 2253 indulgentia,
980 2210 1040 2253 qui
1063 2214 1103 2242 ut
1130 2210 1200 2242 sole
1224 2221 1287 2243 suo
1306 2210 1432 2253 impios
1459 2222 1559 2254 aeque
1586 2223 1626 2244 ac
1653 2212 1727 2255 pios
1754 2213 1920 2253 illustrat,
1940 2217 1990 2248 ita

255 2263 395 2296 vatibus
422 2265 653 2305 ethnicorum,
672 2267 879 2300 admirando
907 2268 1061 2307 consilio,
1081 2268 1193 2300 multo
1220 2268 1383 2301 clariores
1410 2269 1452 2301 de
1477 2268 1609 2302 Messia
1636 2270 1866 2305 revelationes
1893 2274 1989 2306 dedit

261 2321 366 2364 (sicut
395 2333 437 2354 ex
464 2322 645 2366 Sibyllinis
673 2330 832 2357 constare
859 2329 990 2369 potest)
1024 2336 1130 2370 quam
1158 2325 1315 2368 ipsismet
1342 2325 1551 2359 Judaeorum
1578 2328 1770 2372 prophetis,
1823 2330 1922 2375 Ergo
1949 2337 1988 2364 ut

255 2379 362 2422 impie
386 2379 428 2411 de
452 2380 619 2425 religione
643 2387 763 2415 nostra
787 2384 942 2416 revelata
961 2383 1123 2417 Plotinus
1151 2383 1309 2423 senserit,
1328 2383 1487 2417 fortassis
1514 2396 1653 2429 quoque
1680 2388 1824 2421 eandem
1853 2390 1988 2434 magico

255 2440 383 2470 conatu
402 2439 616 2482 oppugnarit
634 2438 712 2481 (etsi
732 2441 768 2473 in
787 2441 873 2474 duce
892 2442 986 2475 illius
1005 2442 1184 2481 eliciendo,
1204 2453 1274 2475 11011
1299 2442 1507 2481 daemonem,
1526 2444 1586 2476 sed
1605 2443 1720 2477 Deum
1739 2445 1909 2490 AEgyptio
1933 2458 1986 2479 sa-

255 2495 384 2528 cerdoti
405 2495 618 2537 apparuisse,
640 2496 860 2542 Porphyrius
881 2499 1048 2544 nugetur)
1073 2505 1109 2533 at
1128 2500 1164 2532 in
1183 2511 1223 2532 eo
1242 2500 1476 2544 philosophiae
1493 2512 1631 2546 genere,
1651 2504 1744 2546 quod
1769 2504 1897 2536 rationi
1921 2504 1985 2536 hu·

254 2564 369 2585 manae
388 2557 671 2592 consentaneum,
690 2558 724 2587 et
741 2560 891 2596 naturae,
910 2557 975 2590 hoc
993 2563 1045 2591 est
1064 2558 1131 2591 Dei
1150 2569 1307 2601 operum,
1326 2559 1363 2591 in
1381 2559 1508 2602 quovis
1533 2560 1667 2593 entium
1692 2572 1818 2605 genere
1842 2572 1986 2605 cognos-

253 2611 369 2644 cendae
388 2611 695 2654 exprimendaeque
714 2614 881 2647 aemulum
901 2615 1032 2655 existit,
1051 2620 1129 2659 post
1149 2616 1333 2649 Platonem
1358 2617 1508 2650 eximius
1534 2617 1625 2650 fuit:
1653 2619 1807 2661 adeoque
1831 2618 1871 2657 si,
1890 2619 1981 2661 quod

253 2669 397 2712 quidam
416 2669 542 2712 inquit,
562 2668 734 2702 Platonici
754 2672 874 2713 paucis
893 2673 1089 2706 immutatis
1108 2673 1302 2706 Christiani
1322 2674 1395 2707 fieri
1415 2679 1582 2718 possunt:
1612 2675 1773 2708 Plotinus
1800 2680 1902 2714 certe,
1921 2677 1980 2719 qui

252 2728 364 2760 multo
391 2727 587 2760 accuratius
614 2732 648 2760 et
675 2727 878 2772 diligentius
906 2730 1072 2774 dogmata
1099 2730 1282 2764 Platonica
1308 2736 1342 2764 et
1368 2737 1545 2765 scrutatus
1572 2736 1635 2771 est,
1661 2738 1695 2765 et
1721 2733 1981 2776 interpretatus.
