2201 2990
644 142 707 182 IN
729 141 837 180 LIB.
860 140 915 179 ΙΙ.
938 139 1194 178 ENNEAD.
1217 139 1469 179 TERTIAE.

202 243 332 274 sensibili
355 240 587 282 contemplando
608 250 645 268 ne
668 238 697 268 in
721 245 822 279 partes
846 236 919 275 figas
942 235 1033 265 intui-

202 294 277 323 tum,
294 286 345 316 sed
361 283 498 325 conspice
514 290 610 312 totum
626 293 631 311 :
650 292 748 321 neque
761 280 799 310 ad
817 286 917 320 partes
933 285 1031 308 totum

201 329 322 365 referas,
345 327 397 358 sed
422 332 523 368 partes
547 324 586 354 ad
610 331 729 354 totum:
754 333 853 363 neque
875 332 953 362 opus
976 321 1033 351 hoc

199 371 303 413 exigas
324 368 498 411 simpliciter
511 366 673 408 optimum,
689 365 741 395 scd
757 365 905 411 optimum
929 371 1035 405 quate-

200 425 257 444 nus
279 413 358 454 capit
380 410 504 453 gradus,
525 409 694 450 mundique
712 408 776 447 jam
800 415 900 449 quarti
926 414 1035 454 natura

200 463 267 498 post
282 456 407 485 bonum.
452 452 582 483 Notabis
601 452 715 482 interea
731 450 783 481 ubi
800 449 933 480 mundus
951 449 1032 490 loqm

200 498 342 539 fingitur:
367 495 491 538 quando
513 495 636 537 quidem
661 501 731 524 sunt
757 493 786 523 in
810 493 913 522 infimo
941 492 1032 533 ¹globo

199 540 305 572 mundi
334 539 430 570 multa
458 538 626 568 viventium
655 548 786 579 genera:
814 548 876 566 esse
906 547 1031 577 quoque

199 594 327 625 superne
342 582 439 612 multa
454 593 509 623 per
523 589 622 612 totum
638 591 694 621 pro
709 579 858 620 dignitate
873 586 903 608 et
925 578 1031 620 ampli-

199 626 304 657 tudine
327 625 414 667 spatii
437 625 550 654 virtute
572 622 845 663 magnitudineque
874 621 1028 661 ingentia:

198 680 329 711 quorum
363 668 462 710 prima
492 667 575 697 Deos
604 665 751 701 nominat,
781 664 939 706 sequentia
967 664 1029 695 dae-

197 723 310 748 mones,
332 712 421 741 tertia
446 709 641 752 particulares
664 708 789 745 animas,
812 720 883 749 quse
906 707 1033 738 transfe-

198 762 308 785 runtur
323 754 353 784 in
369 754 537 784 daemones:
556 760 585 783 et
602 751 654 782 ubi
668 751 752 793 ponit
768 750 899 793 populos
921 750 1033 781 dzemo-

197 809 282 835 num,
309 797 440 827 ostendit
469 807 524 838 per
547 803 645 825 totum
677 805 770 835 supra
796 805 850 824 nos
879 794 1031 824 mundum

195 852 303 882 greges
330 852 393 870 esse
425 839 600 869 daemonum
638 837 828 873 distributos,
860 837 1032 878 habereque

195 883 289 913 duces
305 894 374 913 suos
394 882 447 923 qui
471 881 571 912 stellas
592 888 760 923 sequantur
777 888 810 910 ut
833 891 935 921 reges:
962 891 1031 910 nam

194 933 225 956 et
246 937 372 967 corpora
394 926 569 955 daemonum
586 935 678 966 supra
695 935 749 954 nos
764 923 879 965 ubique
899 934 1032 965 sequun-

195 976 245 999 tur
272 976 356 999 motu
380 968 505 1010 proprio
528 967 682 998 stellarum
707 975 818 1003 motus,
842 966 1031 1007 similemque

195 1011 309 1053 ubique
324 1018 420 1053 agunt
437 1011 589 1042 choream.
637 1010 802 1040 Imitantur
814 1016 843 1039 et
860 1009 959 1039 stellas
975 1021 1031 1051 pro

194 1054 319 1091 viribus,
345 1054 566 1096 magnitudine,
594 1054 694 1095 figura
718 1052 871 1094 modoque
900 1052 1028 1093 agendi:

193 1105 223 1128 et
247 1105 279 1128 ut
302 1097 396 1128 stellae
412 1105 509 1139 agunt
531 1097 646 1127 intuitu
668 1096 822 1126 radiorum
841 1095 1031 1137 imaginatio-

194 1151 264 1171 nem
295 1141 488 1182 sequentium
518 1140 679 1170 efficacem.
735 1138 864 1169 Notabis
895 1138 1029 1180 insuper,

195 1183 340 1214 aetherem
370 1195 433 1214 esse
462 1188 563 1214 aerem
595 1183 744 1224 ignitum:
769 1181 840 1212 item
866 1181 966 1211 onmia
993 1193 1030 1211 ex

194 1226 274 1257 bono
290 1226 434 1268 pendere,
451 1226 576 1268 quando
591 1225 713 1267 quidem
731 1224 833 1255 omnia
849 1224 962 1254 bonum
980 1236 1032 1266 ap-

194 1277 311 1311 petunt.
358 1270 502 1311 Denique
524 1269 620 1311 ipsam
644 1268 819 1310 simpliciter
841 1267 945 1303 vitam,
969 1279 1032 1298 esse

193 1312 289 1354 ipsam
305 1312 481 1354 simpliciter
499 1320 648 1342 mentem:
675 1311 726 1341 ubi
750 1310 823 1341 dicit
846 1310 1032 1341 intellectua-

194 1354 252 1386 lem
269 1363 408 1386 naturam
430 1355 581 1386 duntaxat
597 1362 691 1385 totam
709 1354 820 1384 habere
836 1353 940 1384 vitam.
982 1353 1030 1384 Sic

194 1410 268 1439 ergo
291 1398 442 1440 conjicies,
467 1398 617 1440 quoslibet
638 1409 739 1428 rerum
768 1396 883 1437 gradus
906 1404 1031 1427 eatenus

194 1453 257 1472 esse
284 1442 355 1472 vitae
377 1441 549 1483 participes,
571 1449 722 1483 quatenus
748 1439 950 1470 intellectuale
976 1439 1030 1469 ali-

194 1484 270 1525 quid
283 1484 407 1515 habent.
443 1484 602 1515 Mundum
618 1496 636 1514 a
652 1485 720 1514 Deo
732 1483 796 1513 fieri
814 1494 873 1513 non
890 1494 944 1524 per
958 1494 1030 1513 con-

194 1527 306 1565 silium,
324 1527 376 1558 sed
389 1535 542 1563 naturam,
560 1527 601 1557 sic
617 1527 774 1557 confirmat
792 1525 984 1567 Porphyrius
999 1525 1028 1555 in

195 1570 334 1601 Timaeo:
366 1572 457 1601 Artes
488 1570 612 1612 quidem
643 1568 851 1600 instrumentis
881 1568 1029 1610 indigent,

193 1613 337 1654 quoniam
353 1625 407 1644 nec
430 1614 512 1644 omni
534 1613 669 1644 materiae
692 1619 840 1654 praesunt,
856 1622 911 1642 nec
931 1611 1028 1641 domi-

193 1662 306 1686 nantur
338 1656 472 1694 omnino,
502 1664 532 1687 et
561 1664 649 1687 extra
677 1656 827 1685 laborant.
880 1654 1031 1685 Potentiae

194 1710 265 1729 vero
288 1699 450 1737 naturales,
466 1699 611 1741 quoniam
634 1706 663 1729 et
687 1697 880 1740 perfectiores
903 1705 984 1735 sunt,
1001 1705 1030 1728 et

194 1741 318 1779 intimae,
343 1742 409 1784 ipso
436 1750 556 1773 tantum
583 1754 638 1773 suo
662 1753 725 1772 esse
749 1748 856 1783 agunt,
881 1741 1030 1782 quicquid

194 1792 309 1826 agunt:
334 1785 375 1816 sic
390 1797 504 1823 omnes,
521 1785 562 1816 sic
578 1792 607 1815 et
627 1785 727 1816 anima
747 1796 865 1826 semper
880 1784 1029 1814 essentiali

194 1828 256 1858 vita
269 1828 375 1865 nutrit,
394 1836 498 1870 auget,
513 1835 648 1871 generat,
666 1828 770 1870 spirat,
787 1827 888 1863 sentit,
905 1833 935 1857 et
958 1827 1028 1857 reli·

195 1882 264 1911 qua.
311 1872 383 1913 Ipsa
413 1883 537 1914 quoque
563 1871 739 1913 imaginatio
763 1878 936 1912 praepotens
967 1869 1030 1900 solo

195 1913 327 1954 quodam
344 1914 390 1944 sui
406 1922 475 1944 actu
491 1914 580 1945 variis
592 1914 691 1945 statim
704 1925 815 1955 corpus
830 1913 1030 1955 qualitatibus

195 1955 286 1986 afficit
309 1963 401 1997 atque
422 1957 562 1987 motibus.
609 1957 690 1994 Quin
714 1956 802 1987 etiam
835 1959 882 1996 (ut
903 1956 1029 1987 tradunt

196 1998 343 2040 theologi)
368 1999 520 2030 daemones
542 2000 808 2042 imaginationibus
831 1999 893 2030 suis
914 2000 1029 2041 absque

196 2041 398 2072 instrumento
420 2042 467 2072 vel
492 2050 561 2073 actu
589 2043 698 2084 passim
729 2042 877 2073 mirabilia
900 2042 1029 2081 faciunt,

195 2084 297 2114 subito
324 2092 415 2125 prout
444 2085 563 2122 volunt,
590 2085 806 2116 efficacissimos
829 2085 900 2116 inde
929 2085 1030 2116 radios

196 2127 377 2163 emittentes,
401 2139 434 2158 ac
461 2140 540 2170 saepe
561 2129 693 2159 motibus
716 2128 940 2169 imaginationis
966 2141 1030 2159 sua*

194 2170 307 2200 formas
322 2178 408 2200 extra
431 2171 581 2201 mirabiles
604 2171 795 2201 ostendentes
812 2171 864 2207 eis,
881 2171 934 2213 qui
958 2172 1029 2202 talia

195 2212 341 2253 inspicere
372 2213 507 2244 valeant:
539 2214 637 2244 multo
664 2213 760 2255 magis
789 2214 894 2244 mundi
925 2214 1027 2256 opifex

195 2255 261 2296 ipso
277 2267 349 2291 esse,
367 2255 396 2285 id
413 2264 468 2293 est,
485 2256 550 2297 ipso
573 2256 739 2298 intelligere
759 2257 958 2288 substantiam
975 2270 1027 2288 ex-

195 2298 279 2328 hibet
296 2298 454 2329 universo:
480 2299 656 2330 individuus
672 2299 810 2330 videlieet
826 2300 941 2330 mundo
953 2300 1029 2331 divi-

195 2341 266 2371 duo.
314 2341 373 2371 Cui
399 2341 477 2371 enim
506 2341 628 2379 mirum,
656 2354 693 2372 ex
720 2342 897 2384 incorporeo
922 2355 1028 2385 corpo-

196 2395 281 2414 reum
296 2384 483 2426 propagari?
509 2384 665 2426 Siquidem
682 2396 719 2414 ex
737 2384 861 2415 minimo
884 2397 963 2427 saepe
984 2398 1027 2417 se-

195 2427 275 2457 mine
292 2434 409 2457 vastum
427 2427 559 2469 pullulat
574 2428 695 2464 animal,
712 2434 767 2464 tot,
784 2427 884 2464 tantis,
902 2435 962 2458 tarn
979 2429 1026 2459 di-

195 2469 287 2500 versis
303 2469 381 2500 inter
397 2482 427 2500 se
450 2470 592 2501 membris
616 2471 685 2501 inde
708 2470 919 2511 compositum.
966 2473 1026 2502 At-

194 2513 246 2555 qui
263 2520 292 2543 et
317 2512 346 2542 in
363 2512 476 2543 semine
495 2525 590 2555 parvo
612 2513 688 2543 ratio
710 2512 775 2554 ipsa
799 2513 948 2543 seminalis
968 2525 1027 2545 non

194 2563 239 2586 est
267 2567 372 2597 parva,
398 2555 473 2586 dum
505 2556 594 2586 efficit
623 2567 752 2597 magna:
778 2567 877 2597 neque
908 2567 1027 2587 rursum

195 2610 316 2639 magna,
340 2598 415 2628 dum
439 2606 502 2629 tota
527 2599 556 2629 in
580 2598 717 2640 qualibet
739 2598 860 2628 seminis
881 2599 1029 2640 particula

195 2642 286 2682 viget,
296 2641 348 2672 sed
366 2641 441 2672 ratio
456 2641 580 2683 quidem
595 2641 744 2672 seminalis
757 2641 882 2672 materia
894 2641 1025 2684 indiget:

195 2682 272 2715 ratio
301 2696 372 2715 vero
402 2684 506 2715 divina
542 2684 626 2715 nullo
663 2684 788 2726 indiget,
820 2683 871 2714 sed
901 2685 1027 2717 fabricat

1835 159 1906 196 451

1076 234 1198 265 onmia:
1230 234 1368 276 duinque
1393 236 1422 265 in
1454 243 1563 266 natura
1593 238 1715 278 propria
1745 248 1912 280 permanet,

1076 277 1177 307 omnia
1192 277 1335 319 producit
1350 287 1378 308 et
1399 286 1509 309 movet.
1556 280 1629 309 IIuc
1654 291 1750 321 usque
1776 283 1914 324 Porphy-

1077 331 1150 350 rius.

1081 365 1248 399 Quceczmque
1271 365 1394 390 videnlur
1414 366 1485 390 mala
1502 366 1542 391 1¹1¹!
1564 367 1634 392 virm
1652 376 1762 401 corpora
1783 370 1822 394 rel
1844 371 1912 397 circu

1258 406 1370 436 ditinum,
1389 405 1572 441 rcgfbrniant‘ur
1587 407 1611 432 in
1629 407 1734 433 bonnm.

1120 451 1175 480 IV.
1201 452 1285 481 Dum
1307 451 1490 482 elementum
1509 453 1565 482 hoe
1588 464 1657 483 suas
1680 453 1789 483 alieubi
1814 463 1915 495 partes

1075 493 1191 524 caeteris
1208 502 1329 524 mutuat
1350 494 1516 532 elementis,
1534 495 1652 526 interim
1670 496 1793 526 aliunde
1813 506 1915 538 partes

1075 537 1114 567 ab
1139 536 1204 567 aliis
1228 544 1406 568 mutuatur:
1433 538 1562 580 ideoque
1588 538 1806 569 elementormn
1830 540 1913 580 globi

1076 579 1149 610 nihil
1171 580 1240 610 mali
1265 580 1366 610 subire
1382 580 1535 612 videntur.
1582 582 1727 612 Similiter
1742 583 1771 612 in
1787 594 1914 625 compo-

1075 623 1201 653 sitorum
1218 623 1415 654 dissolutione
1429 624 1540 654 malum
1559 625 1692 655 mundus
1708 625 1771 667 ipse
1787 637 1845 656 non
1864 638 1915 668 pa-

1078 666 1163 696 titur.
1210 667 1289 696 Nam
1308 667 1354 697 vel
1375 667 1523 698 elementa
1540 676 1612 698 tunc
1634 680 1703 698 suas
1719 677 1915 700 revertuntur

1077 709 1107 739 in
1124 709 1270 751 sphaeras,
1288 710 1333 740 vel
1355 711 1556 752 compositum
1574 710 1657 741 aliud
1677 720 1851 751 generatur,
1868 720 1915 743 at-

1077 763 1138 793 que
1154 753 1310 792 generatio
1326 753 1401 795 ipsa,
1416 754 1490 784 dum
1508 762 1610 796 partes
1625 754 1705 796 capit
1728 755 1767 785 ab
1783 755 1913 786 elemen-

1077 796 1124 831 tis,
1142 796 1247 826 formis
1263 808 1298 826 ea
1314 797 1398 826 noris
1415 805 1541 827 exornat
1555 810 1561 827 ε
1587 805 1736 839 perpetua
1752 810 1835 835 vcro,
1850 799 1914 829 ha’c

1074 838 1278 879 generationis
1309 839 1484 870 vicissitudo
1513 848 1557 870 est
1589 841 1756 871 necessaria
1788 842 1913 872 mundo.

1077 882 1157 912 Cum
1175 882 1253 912 enim
1272 882 1428 913 mundana
1451 883 1576 913 materia
1591 891 1621 914 et
1644 884 1738 925 possit
1753 892 1782 914 et
1805 885 1915 915 debeat

1075 924 1311 955 innumerabiles
1326 925 1363 955 ad
1388 926 1604 967 perfectionem
1626 938 1710 957 suam
1731 928 1914 969 composito-

1075 979 1142 997 rum
1160 968 1273 998 formas
1296 968 1442 1010 accipere,
1459 980 1559 1011 neque
1575 969 1672 1000 valeat
1687 982 1792 1001 omnes
1807 970 1913 1001 eodem

1076 1017 1211 1052 tempore
1241 1023 1359 1053 capere,
1387 1012 1459 1053 quia
1489 1024 1588 1054 neque
1619 1013 1755 1048 materia,
1783 1013 1822 1044 de
1853 1026 1915 1056 qua

1075 1054 1164 1091 fiunt,
1181 1053 1454 1085 innumerabilibus
1474 1056 1648 1097 compositis
1663 1056 1751 1087 simul
1767 1057 1914 1099 suppetit,

1076 1108 1174 1138 neque
1192 1097 1324 1138 spatium
1346 1098 1438 1139 capit,
1456 1110 1556 1140 neque
1573 1107 1633 1129 tam
1650 1099 1769 1130 diversa
1786 1112 1913 1131 coneur-

1075 1147 1148 1170 runt
1162 1152 1167 1170 :
1193 1140 1308 1170 factum
1326 1148 1381 1177 est,
1400 1149 1433 1172 ut
1448 1142 1686 1172 commutatione
1702 1150 1852 1184 perpetua
1867 1156 1915 1174 ca-

1076 1183 1150 1224 piat,
1166 1182 1239 1213 dum
1258 1191 1288 1214 et
1303 1183 1412 1214 czelum
1426 1184 1562 1215 similiter
1577 1185 1813 1216 innumerabiles
1829 1194 1914 1217 motu

1076 1227 1190 1267 figuras
1214 1226 1314 1257 induit
1332 1227 1471 1269 viresque
1494 1227 1620 1258 sortitur
1643 1240 1747 1265 novas,
1764 1241 1841 1270 quas
1860 1241 1914 1260 nee

1076 1268 1166 1299 simul
1189 1280 1244 1300 nec
1267 1281 1402 1306 manens,
1420 1270 1502 1300 velut
1526 1279 1731 1312 repugnantes
1753 1271 1915 1303 admittere

1077 1318 1193 1353 potest:
1218 1320 1311 1354 atque
1323 1313 1437 1343 interea
1454 1321 1539 1344 motu
1555 1314 1672 1345 confert
1687 1314 1724 1344 ad
1742 1314 1913 1346 inferiorem

1074 1355 1231 1385 materiam
1248 1356 1426 1386 naturaliter
1442 1356 1728 1388 transformandam.
1776 1359 1846 1388 Hac
1861 1358 1915 1388 ita-

1074 1410 1134 1439 que
1150 1398 1265 1428 ratione
1279 1399 1492 1429 transmutatio
1505 1406 1570 1430 tum
1588 1400 1689 1431 localis
1701 1408 1766 1431 tum
1780 1400 1915 1432 formalis

1074 1448 1104 1471 et
1126 1441 1157 1471 in
1180 1441 1254 1471 eaelo
1275 1449 1368 1483 atque
1392 1442 1449 1472 sub
1471 1444 1545 1473 ezelo
1567 1443 1606 1473 ad
1629 1443 1779 1485 optimum
1796 1444 1914 1475 confert

1074 1484 1213 1514 habitum
1246 1484 1389 1521 universi,
1420 1485 1550 1527 ideoque
1579 1493 1719 1517 censetur
1748 1494 1778 1517 et
1815 1487 1912 1518 bona:

1074 1527 1243 1569 praesertim
1260 1527 1333 1569 quia
1348 1528 1455 1558 mundi
1472 1529 1565 1559 totius
1581 1529 1656 1559 ordo
1673 1536 1820 1571 tanquam
1835 1531 1914 1572 opti-

1074 1581 1159 1600 mum
1183 1570 1315 1601 universi
1338 1571 1445 1613 regula
1468 1572 1609 1613 quaedam
1633 1583 1688 1609 est,
1709 1584 1770 1614 qua
1793 1584 1914 1604 censere

1075 1613 1197 1654 singula
1211 1613 1377 1644 debeamus
1395 1622 1427 1645 ut
1448 1615 1537 1652 bona,
1554 1622 1706 1657 quatenus
1721 1616 1858 1646 conferre
1874 1616 1913 1647 ad

1075 1656 1213 1686 ordinem
1229 1656 1402 1688 videantur.
1447 1658 1533 1688 Ordo
1550 1670 1620 1688 vero
1637 1658 1758 1688 videtur
1780 1659 1912 1701 exigere,

1075 1707 1120 1735 ut,
1137 1711 1207 1741 quae
1227 1707 1401 1731 constructa
1424 1709 1495 1731 sunt
1517 1701 1555 1731 ab
1578 1701 1646 1738 alio,
1663 1709 1756 1743 atque
1779 1709 1852 1733 tunc
1875 1714 1912 1733 ex

1073 1742 1202 1773 aliorum
1226 1742 1432 1774 destructione
1454 1752 1627 1775 constructa
1651 1744 1837 1786 quaudoque
1862 1745 1913 1776 de-

1074 1792 1233 1816 struantur
1255 1786 1295 1816 ab
1317 1786 1386 1824 alio,
1404 1787 1532 1817 vicissim
1556 1787 1593 1817 ad
1617 1787 1675 1817 alia
1698 1789 1913 1820 construenda.

1074 1828 1231 1870 Quicquid
1255 1829 1369 1860 interea
1386 1830 1432 1860 vel
1454 1830 1587 1860 nascitur
1602 1830 1649 1860 vel
1672 1831 1821 1873 contingit
1841 1843 1915 1873 erga

1073 1871 1174 1913 aliqua
1196 1872 1321 1902 noxium
1345 1881 1439 1914 atque
1462 1873 1586 1911 malum,
1603 1885 1662 1903 non
1685 1873 1772 1904 aliter
1794 1875 1914 1905 evenire

1073 1915 1272 1956 permittitur,
1291 1915 1346 1946 nisi
1361 1917 1399 1946 ad
1416 1916 1473 1946 alia
1489 1925 1582 1958 atque
1597 1916 1686 1958 plura
1702 1916 1737 1947 sit
1755 1918 1914 1948 conferens

1073 1965 1166 1999 atque
1181 1958 1308 1996 bonum,
1325 1971 1359 1989 ae
1374 1960 1429 1990 nisi
1446 1959 1502 1989 rite
1517 1959 1667 2001 compleat
1682 1959 1819 1990 ordinem
1845 1961 1911 1991 uni-

1074 2001 1160 2031 versi.
1209 2002 1363 2032 Praeterea
1378 2003 1471 2033 totius
1483 2002 1558 2032 ordo
1574 2002 1711 2044 requirit,
1723 2003 1746 2032 si
1762 2015 1797 2033 ex
1812 2011 1913 2045 potes-

1074 2051 1136 2074 tate
1151 2043 1320 2085 primorum
1344 2045 1472 2076 mirabili
1495 2045 1600 2087 procul
1623 2045 1820 2082 exuberante,
1845 2046 1913 2088 plu-

1074 2087 1140 2116 rimi
1158 2087 1350 2128 sequentium
1367 2089 1482 2130 gradus
1497 2089 1652 2125 eveniunt,
1664 2096 1757 2130 atque
1771 2101 1787 2119 a
1801 2089 1913 2131 primo-

1074 2141 1142 2160 rum
1160 2130 1277 2161 unitate
1298 2138 1441 2173 statuque
1461 2132 1579 2162 stabilia
1602 2143 1672 2162 mox
1692 2132 1853 2163 oriuntur:
1879 2141 1913 2163 ut

1073 2173 1216 2215 deinceps
1226 2174 1416 2215 processione
1429 2174 1676 2216 dependentique
1688 2183 1839 2206 crescente
1852 2183 1910 2206 sta-

1073 2223 1123 2246 tus
1149 2216 1213 2257 ipse
1240 2228 1309 2246 cum
1337 2226 1421 2248 motu
1453 2218 1626 2255 misceatur,
1650 2218 1786 2260 fiantque
1810 2219 1911 2249 statim

1072 2259 1210 2289 essentiae
1226 2271 1280 2301 per
1301 2271 1331 2290 se
1351 2260 1486 2297 mobiles,
1504 2269 1667 2302 antequam
1684 2261 1721 2291 ad
1740 2273 1786 2292 res
1800 2262 1839 2291 ab
1853 2262 1912 2292 alio

1073 2302 1198 2332 mobiles
1218 2303 1431 2334 descendatur.
1477 2305 1556 2334 Cum
1582 2304 1661 2334 enim
1679 2312 1780 2335 motus
1794 2304 1912 2335 derive-

1072 2353 1123 2375 tur
1138 2357 1175 2375 ex
1199 2353 1280 2376 statu
1304 2347 1412 2377 merito
1431 2354 1531 2377 motus
1552 2347 1615 2389 ipse
1637 2359 1675 2378 ex
1700 2355 1796 2378 status
1816 2348 1911 2389 ipsius

1071 2388 1263 2419 distinetione
1279 2388 1488 2431 distinguitur.
1525 2391 1636 2432 Itaque
1652 2390 1729 2421 sicut
1745 2390 1842 2421 multa
1858 2403 1912 2432 per

1070 2430 1154 2461 aliud
1178 2431 1297 2462 stabilia
1319 2433 1511 2463 reducuntur
1533 2433 1573 2463 ad
1596 2433 1654 2464 alia
1683 2433 1911 2475 quodannnodo

1070 2485 1125 2514 per
1141 2486 1171 2504 se
1187 2474 1321 2505 stabilia:
1348 2476 1388 2506 sic
1411 2484 1440 2506 et
1464 2488 1534 2518 quae
1556 2484 1717 2506 moventur
1732 2477 1772 2507 ab
1787 2477 1861 2513 aliis,
1879 2477 1909 2506 in

1071 2516 1122 2547 illa
1145 2529 1215 2558 quae
1240 2525 1356 2548 motum
1374 2531 1410 2549 ex
1429 2531 1459 2549 se
1475 2520 1546 2560 ipsis
1567 2519 1691 2556 hahent,
1710 2519 1842 2560 denique
1865 2530 1909 2548 re-

1072 2559 1242 2591 solvuntur.
1288 2562 1370 2591 Tum
1388 2574 1460 2592 vero
1481 2563 1511 2592 in
1533 2562 1598 2604 ipso
1621 2574 1675 2604 per
1698 2574 1728 2592 se
1751 2562 1907 2592 mobilium

1072 2602 1178 2633 ordine
1200 2615 1263 2634 esse
1284 2612 1405 2646 oportet
1428 2605 1584 2647 superiora
1605 2605 1636 2635 in
1659 2604 1810 2635 communi
1834 2615 1909 2644 qua-

1071 2644 1142 2675 dam
1169 2646 1305 2687 potentia
1326 2648 1502 2684 constituta,
1526 2647 1630 2689 eisque
1652 2647 1812 2677 succedere
1835 2646 1909 2676 infe-

1071 2687 1150 2718 riora
1174 2700 1228 2730 per
1252 2689 1349 2720 multa
1379 2690 1592 2732 particularem
1620 2697 1707 2720 nacta
1731 2688 1906 2731 potentiam.
