2201 2990
608 134 670 174 IN
691 134 800 173 LIB.
822 133 901 172 ΙΙΙ.
926 133 1180 173 ΕΝΝΕΑΒ.
1201 133 1383 173 SECUN
1393 135 1499 175 DAE.
1821 155 1892 190 241

198 233 391 265 intellectuali
405 232 504 263 anima
519 230 706 272 procreanda
725 229 808 260 nullo
824 229 915 260 modo
930 229 1024 260 disce-

198 276 243 307 dit
265 288 282 306 a
304 283 405 317 patre:
429 275 489 304 imo
509 285 563 316 per
577 272 820 314 conjunctionem
843 272 883 302 ad
906 280 1024 314 patrem

197 326 374 366 potestatem
391 317 481 347 habet
496 315 654 347 creationis
671 323 700 346 et
720 322 833 345 actum.
881 315 1025 345 Similiter

197 360 403 392 intellectualis
424 359 533 396 anima,
548 364 700 399 quatenus
722 357 870 388 incumbit
893 357 1024 388 intellec-

197 404 240 434 tui
256 414 383 439 summo,
399 401 535 432 abundat
550 401 631 438 inde,
643 408 672 431 et
688 400 824 431 exundat
840 399 870 429 in
886 400 1021 431 alteram.

196 446 304 477 Altera
326 455 456 481 rursum,
481 443 511 474 id
533 451 588 481 est,
610 443 671 474 vita
693 454 847 485 corporea,
871 450 1023 484 quatenus

195 487 345 530 dependet
370 498 407 517 ex
433 486 533 517 anima
556 486 644 528 cujus
670 494 713 516 est
741 486 852 527 imag0‚
878 485 1023 527 impletur

194 530 366 567 seminibus,
383 529 533 571 simulque
548 529 653 559 formis
672 528 778 570 implet
798 529 891 570 liujus
914 529 1022 559 mundi

194 573 357 603 materiam.
405 573 511 614 Ipsum
536 571 660 613 quidem
686 572 800 602 bonum
824 571 943 602 excedit
965 579 1023 602 stae

194 624 276 647 tuin:
300 623 395 646 status
411 615 489 645 enim
506 615 535 645 in
553 615 632 645 bono
646 615 681 645 fit
696 622 788 656 atque
808 614 907 656 gratia
928 614 999 645 boni
1014 627 1020 645 :

193 658 360 689 intellectus
382 666 484 689 autem
507 658 571 700 ipse
593 665 690 688 status
712 657 829 688 existit:
854 657 1022 688 intellectu-

192 701 246 732 alis
264 701 363 732 anima
382 701 514 743 primum
535 700 641 731 stabile
655 700 824 742 judicatur.
866 700 935 731 Vita
952 712 1023 731 vero

193 744 285 786 hujus
300 744 399 785 imago
415 743 528 774 stabilis
542 743 666 785 quidem
683 751 738 782 est,
754 751 904 785 quantum
921 743 1023 774 existit

192 787 272 824 inde,
286 787 403 818 mobilis
418 798 490 817 vero
505 798 559 828 per
574 786 722 824 accidens,
736 794 888 828 quatenus
903 787 1022 828 corpori

192 830 312 872 proprie
334 829 437 860 mobili
460 829 629 871 copulatur.
675 829 824 872 Appellat
840 841 912 860 vero
928 830 1023 860 Ploti-

192 884 249 903 nus
275 873 367 903 vitam
393 872 542 914 ejusmodi
569 872 719 903 mundum
746 872 869 914 proprie
893 873 1022 903 semina-

190 915 285 946 rium:
309 927 401 957 quem
418 923 532 946 veteres
552 915 746 958 appellarunt
761 916 936 957 imaginem,
952 928 1022 957 quae

190 970 307 1000 semper
322 959 351 988 in
367 958 580 989 assimilatione
592 966 738 989 versetur.
771 960 850 989 Haec
865 958 945 989 enim
960 970 1021 989 non

190 1009 250 1032 tam
266 1001 376 1039 anima,
391 1013 484 1043 quam
500 1001 608 1032 animae
623 1002 724 1043 imago
740 1010 877 1033 vocatur.
915 1002 1021 1039 Quan-

190 1051 255 1075 tum
271 1045 350 1074 enim
367 1045 482 1075 aceedit
496 1045 534 1075 ad
551 1044 708 1075 materiam
730 1044 858 1075 alienam
882 1044 921 1075 ab
936 1044 1022 1075 intel-

189 1086 309 1118 lectuali
324 1088 418 1125 fonte,
435 1094 554 1118 tantum
577 1088 616 1118 ab
636 1087 736 1118 anima
756 1087 951 1118 intellectuali
967 1088 1019 1118 de<

188 1138 322 1171 generat.
366 1131 485 1161 Semina
502 1142 625 1172 quoque
640 1131 669 1161 in
686 1142 720 1161 ea
736 1142 796 1161 non
814 1138 874 1162 tam
890 1130 1021 1161 rationes

189 1181 272 1210 sunt,
296 1185 388 1214 quam
411 1173 556 1215 imagines
579 1173 742 1204 rationum.
788 1174 819 1204 Si
842 1174 921 1204 enim
945 1174 1021 1204 ratio

189 1216 311 1257 proprie
333 1216 500 1247 secundum
521 1217 648 1247 formam
664 1217 694 1247 in
710 1216 810 1247 anima
825 1216 1020 1248 intellectuali

189 1259 334 1296 consistit,
350 1259 458 1290 merito
475 1259 505 1289 in
528 1259 589 1290 vita
612 1259 744 1290 inferiori
765 1267 885 1290 tantum
907 1267 952 1290 est
974 1271 1022 1290 ra-

190 1301 278 1332 tionis
294 1302 402 1343 imago.
450 1302 526 1339 Quis
549 1302 627 1333 enim
650 1314 751 1333 veram
775 1303 910 1334 nominet
933 1303 1022 1333 ratio-

188 1355 268 1382 nem,
292 1356 362 1386 quae
386 1345 432 1375 sui
455 1345 548 1387 ipsius
574 1345 680 1387 ignara
705 1345 819 1376 nullam
843 1346 888 1377 sui
911 1345 1021 1376 habeat

188 1388 334 1418 rationem
349 1389 362 1417 ?
386 1389 464 1418 Haec
488 1388 590 1430 itaque
606 1388 668 1419 vita
690 1388 791 1430 imago
806 1389 949 1431 quaedam
964 1395 1019 1425 est,

186 1430 354 1472 imaginum
371 1430 561 1461 solummodo
577 1431 684 1473 plena:
705 1431 806 1473 imago
821 1432 885 1463 haec
901 1442 1020 1474 semper

186 1479 231 1503 est
246 1480 381 1504 assecuta
396 1473 623 1505 similitudinem
639 1474 830 1516 exemplaris,
846 1487 880 1506 ac
901 1485 1019 1516 semper

185 1516 367 1558 assequitur.
412 1517 549 1547 Rursum
566 1524 595 1547 et
611 1529 729 1559 semper
744 1525 787 1548 est
803 1519 883 1555 ficta,
899 1525 929 1548 et
951 1528 1018 1559 per-

186 1566 279 1600 petuo
304 1558 440 1601 fingitur,
464 1571 526 1601 qua
549 1559 687 1591 videlicet
714 1560 829 1591 ratione
852 1568 937 1592 actus
960 1559 1017 1602 ipsi

234 2743 323 2767 VOL.
344 2744 368 2768 1.

1067 230 1216 260 seminum
1231 230 1318 260 aliter
1334 232 1522 272 temporibus
1541 233 1606 263 aliis
1621 235 1722 274 vigere
1738 235 1895 268 videntur:

1067 283 1185 313 semper
1200 280 1301 302 tamen
1317 282 1491 313 congruunt
1507 276 1688 316 exemplari:
1713 289 1773 317 qua
1796 290 1898 310 rursus

1066 315 1152 356 quasi
1170 326 1230 344 una
1244 326 1314 345 cum
1331 316 1437 346 mundi
1453 328 1579 358 corpore
1595 318 1656 348 vita
1672 318 1814 350 volvitur:
1836 334 1898 362 qua

1066 357 1198 398 denique
1214 357 1301 387 simul
1318 370 1387 388 cum
1405 359 1591 390 revolutione
1612 361 1721 391 caelesti
1742 362 1828 392 aliter
1843 363 1894 394 ali-

1068 407 1175 441 terque
1193 407 1222 430 et
1244 411 1329 431 mens
1351 401 1481 432 aflicitur
1497 403 1751 445 imaginatur-quc,
1768 411 1797 434 et
1812 412 1897 436 extra

1066 442 1131 473 aliis
1142 443 1370 484 quodammodo
1383 456 1500 486 semper
1512 446 1618 487 figuris
1630 446 1779 477 induitur.
1804 448 1897 478 Forte

1066 485 1155 516 etiam
1182 485 1322 517 I'lotinus
1349 487 1394 517 liis
1418 488 1518 518 verbis
1545 489 1721 519 sententiani
1748 490 1897 520 Heracliti

1066 529 1165 569 tangit
1186 536 1279 571 atque
1301 530 1423 567 Tinuri,
1443 531 1620 570 dicentium,
1643 532 1794 563 mundum
1816 532 1897 564 hunc

1065 571 1161 602 oculis
1188 572 1381 603 manifestum
1409 585 1472 604 esse
1499 575 1623 616 quidem
1649 586 1818 617 nunquam,
1846 576 1899 606 sed

1067 623 1216 656 perpetuo
1239 615 1314 646 fieri.
1359 617 1493 647 Omnino
1517 629 1588 647 vero
1614 617 1691 648 sicut
1718 619 1775 649 sub
1801 618 1899 661 sigillo

1066 658 1218 698 figuratur
1242 670 1332 700 aqua,
1357 670 1456 701 neque
1480 660 1580 701 figura
1605 668 1697 691 restat
1723 669 1839 692 remoto
1862 662 1899 692 si-

1066 700 1157 742 gillo:
1183 701 1312 742 ideoque
1327 702 1427 744 figura
1448 714 1508 733 non
1532 710 1593 733 tam
1617 705 1707 734 semel
1723 704 1803 735 facta
1817 705 1899 735 vidc-

1068 751 1128 779 tur,
1145 756 1238 785 quam
1255 745 1318 775 fieri
1334 757 1462 787 semper,
1478 747 1645 788 praesertim
1662 747 1684 777 si
1695 747 1813 789 jugiter
1828 748 1898 778 sub-

1067 787 1187 817 terfluat
1203 799 1302 829 aqua:
1328 788 1368 819 sic
1384 789 1478 819 ferme
1498 801 1528 819 se
1549 789 1639 820 habet
1660 798 1690 820 et
1713 790 1837 821 materia
1858 791 1898 821 ad

1066 838 1218 867 naturam,
1234 838 1264 861 et
1287 838 1396 861 natura
1411 843 1516 862 rursus
1536 832 1575 863 ad
1595 832 1724 863 animam
1742 833 1898 864 intellectu

1066 872 1251 903 foecundam.
1299 874 1437 904 Eatenus
1452 882 1552 905 autem
1570 876 1720 906 muudum
1737 876 1818 907 hunc
1834 877 1898 907 fieri

1067 915 1208 946 Plotiuus
1223 915 1300 951 vult,
1313 917 1359 946 vel
1376 929 1450 953 csse,
1462 925 1614 959 quatenus
1628 926 1658 949 et
1674 919 1773 961 imago
1789 920 1897 950 animae

1066 958 1133 989 fluit
1158 959 1196 989 ab
1222 959 1333 997 anima,
1357 968 1387 991 et
1414 960 1514 991 anima
1538 962 1642 1003 prodit
1667 974 1703 993 ex
1730 971 1841 1000 mente,
1863 975 1898 994 ac

1065 1013 1150 1032 mens
1182 1010 1346 1043 generatur
1375 1015 1411 1033 ex
1443 1003 1532 1041 bono,
1561 1013 1591 1035 et
1620 1005 1735 1036 bonum
1766 1006 1898 1048 denique

1065 1045 1213 1085 quamdiu
1228 1045 1284 1075 hoc
1300 1045 1399 1087 ipsum
1415 1054 1470 1083 est,
1483 1047 1566 1088 quod
1583 1048 1709 1078 bonum:
1728 1048 1898 1080 intellectus

1065 1087 1207 1129 deinceps
1222 1089 1369 1129 quamdiu
1387 1089 1417 1119 id
1434 1089 1533 1131 ipsum
1549 1091 1632 1132 quod
1648 1091 1818 1122 intellectus
1840 1104 1895 1122 ex—

1064 1130 1136 1161 istit.
1182 1131 1302 1168 Quibus
1317 1131 1359 1162 ita
1374 1133 1577 1170 manentibus,
1594 1134 1751 1175 sequeutia
1770 1143 1895 1166 natura-

1064 1173 1132 1204 liter
1157 1173 1226 1204 inde
1256 1186 1374 1216 semper
1400 1183 1454 1206 aut
1483 1185 1624 1207 maneant
1649 1185 1700 1208 aut
1731 1177 1895 1219 profluant,

1064 1216 1324 1258 quemadmodum
1341 1225 1368 1248 et
1391 1218 1494 1248 lumen
1508 1230 1545 1249 ex
1562 1220 1633 1257 sole,
1650 1227 1680 1250 ct
1694 1220 1837 1263 deinceps
1859 1233 1896 1251 ex

1064 1259 1179 1290 lumine
1201 1259 1314 1290 lumen.
1360 1261 1425 1291 Nos
1447 1268 1549 1291 autem
1565 1262 1644 1293 circa
1665 1263 1730 1293 lnce
1752 1275 1809 1305 pro
1830 1264 1897 1294 reli-

1064 1302 1153 1344 gione
1176 1302 1274 1333 dicere
1297 1314 1476 1344 possumus:
1502 1304 1533 1334 Si
1548 1305 1577 1335 in
1595 1305 1704 1335 divinis
1726 1306 1896 1337 considere-

1064 1356 1132 1375 mus
1154 1345 1365 1383 aeternitatem,
1390 1346 1430 1376 sic
1453 1347 1560 1377 mundi
1583 1348 1803 1390 processionem
1826 1349 1896 1380 inde

1064 1394 1208 1418 aeternam
1230 1388 1302 1429 jure
1326 1388 1436 1420 videri:
1466 1389 1489 1419 si
1512 1397 1613 1421 autem
1637 1391 1837 1430 voluntatem,
1861 1405 1897 1423 eo

1063 1430 1192 1461 termino
1214 1431 1377 1472 procedere
1399 1432 1561 1471 mundum,
1578 1446 1640 1475 quo
1662 1434 1829 1466 decreverit
1851 1436 1896 1466 di-

1061 1473 1133 1504 vina
1147 1473 1299 1511 voluntas,
1316 1475 1403 1516 cujus
1425 1475 1550 1506 arbitrio
1566 1477 1643 1507 sicut
1663 1485 1708 1508 est
1728 1478 1757 1507 in
1779 1478 1896 1509 mundo

1061 1516 1209 1547 terminus
1231 1516 1353 1547 virtutis
1375 1525 1467 1560 atque
1494 1520 1723 1561 magnitudinis,
1747 1521 1787 1551 sic
1810 1533 1895 1552 exor-

1060 1559 1146 1590 dium
1161 1566 1191 1590 et
1206 1565 1385 1591 extremum.

1121 2744 1164 2776 1i
