2201 2990
627 115 782 146 VITAM
807 114 1036 145 AUCTORE
1062 113 1352 146 PORI‘HYRIO.
1384 126 1413 157 p.
1431 115 1480 146 lix.
1500 116 1541 146 lx.
1942 117 1968 147 ci

219 202 420 234 familiaribus
441 208 472 232 et
494 199 688 231 auditoribus
714 199 776 229 suis
799 198 959 234 institutae,
983 198 1062 228 inter
1079 199 1106 226 A
1124 198 1218 229 verba
1238 199 1289 229 οὐκ
1308 199 1344 229 ἄν
1363 212 1435 230 ποτε
1457 200 1609 240 ἐχάλασεν
1625 201 1659 231 ’ὃν
1675 201 1711 232 ἂν
1727 202 1968 241 ἀπέκρουεν-ἂν

218 266 295 296 quas
314 265 372 284 non
389 252 511 283 desiisse
530 251 668 282 defixum
688 250 804 281 interea
826 249 866 280 ad
890 249 1062 280 meditatio-

217 317 269 336 nes
283 315 353 335 snas
366 302 504 334 animum
515 301 628 332 habere
644 301 748 332 scribit
759 300 790 331 h.
802 300 823 331 l.
837 300 1061 342 Porphyrius.”

216 356 343 386 Fabric.
390 353 470 393 Πρὸς
489 355 528 394 τῷ
549 352 692 392 σκέμματι
711 352 757 391 ἣν.
798 351 889 382 Plato
906 351 1056 382 Phaedon.

216 417 247 448 p.
258 406 307 443 84.
324 416 356 446 p.
367 414 418 445 59.
433 403 548 434 Bekk.:
566 404 612 434 καὶ
628 404 714 436 αὐτός
729 416 761 434 τε
775 403 847 443 πρὸς
862 405 901 444 τῷ
918 403 1058 445 εἰρημένῳ

213 457 294 498 λόγῳ
317 456 362 494 ἦν,
386 455 438 486 ubi
460 455 685 497 VVyttenbach.
712 454 771 485 alia
795 455 889 496 hujus
915 454 1058 485 formula·

212 507 352 549 exempla
374 506 525 548 congessit
546 518 577 549 p.
597 516 668 548 223.
696 507 736 537 cf.
760 506 892 536 eundem
917 506 956 536 ad
983 506 1058 537 Plu-

212 557 308 589 tarch.
325 557 364 588 de
381 558 498 589 S.N.V.
514 569 545 599 p.
561 567 611 588 21.
627 565 658 588 et
674 557 712 588 de
736 565 818 588 recta
840 557 987 588 audiendi
1010 569 1057 589 ra-
1074 561 1098 588 B

211 609 293 640 tione
310 609 352 640 T.
366 610 391 640 Ι.
408 620 438 651 p.
451 618 526 650 330.
571 608 666 639 Adde
690 608 856 639 Heindorf.
874 609 913 640 ad
932 609 1053 641 Platon.

212 660 332 692 Phaedr.
350 672 379 703 p.
396 662 464 692 260.
483 661 510 701 ξ.
523 661 575 691 62.
591 668 621 691 et
633 661 705 691 Ast.
722 660 761 691 ad
775 660 814 691 de
827 661 924 703 Legg.
939 672 969 703 p.
982 670 1054 702 355.

209 724 223 743 s
248 736 255 742 .
279 712 335 743 Cr.

224 723 269 806 qp.
280 763 332 794 lix.
343 770 379 794 ¹¹¹.
397 763 556 794 ἀδιάκοπον
566 766 665 803 τηρεῖν
676 763 729 801 τὴν
741 763 899 804 διάνοιαν·]
915 763 1052 806 Hesych-

208 827 241 858 p.
259 825 297 857 93
317 827 323 845 ε
356 814 521 847 ἀδιάκοπος·
546 815 766 855 ἀδιαχώριστος,
791 815 845 846 ubi
869 822 970 846 tamen
997 815 1053 846 Al-

209 867 314 898 bertus
332 865 451 897 mavult
467 866 637 906 ἀδιάκριτος.
684 867 785 904 Quam
800 866 1008 908 conjecturam
1025 875 1055 898 et

206 919 364 950 literarum
390 917 466 948 ordo
489 917 651 948 confirmat
675 925 705 948 et
731 929 804 948 vero
828 918 932 949 Photii
960 926 1054 960 atque
1074 924 1096 952 C

207 970 340 1001 Zonarae
359 968 526 1000 auctoritas
542 968 572 999 in
589 968 759 1009 ἀδιάκριτος.
809 969 869 1000 Sed
889 969 1054 1012 explicatio

205 1029 306 1053 tamen
324 1020 415 1051 etiam
431 1020 498 1051 voci
515 1020 671 1053 ἀδιάκοπος
685 1020 825 1051 adhiberi
842 1028 952 1063 potest.
986 1022 1053 1052 Eu-

207 1073 299 1104 stath.
316 1072 345 1103 in
364 1072 454 1103 Iliad.
473 1071 600 1102 Praefat.
624 1083 656 1114 p.
676 1081 703 1103 2.
721 1079 850 1102 extrem.
875 1072 924 1102 ed.
943 1072 1050 1115 Lips.:

205 1125 272 1156 οὐδὲ
297 1123 446 1155 ἐκτέταται
466 1123 499 1154 τὸ
519 1124 713 1163 προκείμενον
728 1123 817 1163 ἔργον
835 1124 1050 1163 (Commenta-

204 1176 320 1207 riorum
336 1175 367 1206 in
385 1176 575 1215 Homerum)
594 1176 634 1207 εἷς
653 1175 686 1206 ἓν
707 1176 780 1215 ὕφος
805 1175 851 1206 καὶ
873 1178 958 1214 σῶμα
981 1178 1053 1207 κατὰ

205 1226 364 1267 συνέχειαν
387 1226 574 1262 ἀδιάστατον,
599 1226 648 1256 ἵνα
671 1228 710 1267 τῷ
736 1227 883 1268 ἀδιακόπῳ
910 1227 1053 1266 ἀποκναίῃ

205 1279 258 1310 τὸν
290 1277 630 1318 ἐντυγχάνοντα-ἀλλ’
659 1278 785 1308 ἕκαστον
815 1280 873 1308 τῶν
902 1279 1053 1318 χρησίμων
1070 1288 1097 1315 D
1115 1277 1235 1308 cetur.''
1259 1277 1387 1307 Fabric.

207 1329 268 1361 καθ’
286 1329 355 1361 αὑτὸ
380 1330 436 1370 ἰδία
459 1331 559 1360 κεῖται.
608 1328 796 1359 Theodorus
816 1329 992 1359 Metochita
1014 1329 1053 1360 de

205 1381 337 1412 Platone
348 1380 531 1422 dialogicam
543 1379 674 1410 docendi
687 1379 836 1410 rationem
848 1379 1002 1411 continuae
1017 1392 1053 1411 ac

203 1439 363 1475 perpetuae
386 1431 516 1462 orationi
538 1431 698 1462 rhetorum
721 1439 897 1473 opponente
915 1432 1050 1463 XXIV.

205 1496 237 1527 p.
253 1484 322 1523 167.
339 1482 466 1513 Mulleri
482 1489 512 1513 et
529 1482 712 1523 Kiessling.:
739 1484 812 1513 κατὰ
832 1482 864 1513 τὸ
886 1486 943 1513 τῶν
966 1484 1050 1523 ῥητό-

204 1548 263 1575 ρων
285 1535 351 1566 ἔθος
374 1533 522 1573 ἀποτάδην
545 1534 661 1564 οἶκόθεν
685 1536 796 1574 συνεχῆ
822 1534 868 1564 καὶ
893 1533 1052 1565 ἆδιάκοπον

639 1585 731 1615 Philo
747 1584 827 1615 Jud.
846 1584 942 1627 Legis
962 1585 1049 1616 Alle-

203 1587 255 1617 τὸν
278 1587 385 1625 δρόμον
407 1586 592 1624 ποιούμενος.

1122 249 1222 289 ἥψατο
1245 257 1276 279 et
1299 261 1392 291 supra
1410 250 1447 280 ἂν
1463 251 1667 290 ἐπισυνήψατο
1684 253 1815 284 tenenda
1837 261 1880 284 est
1904 254 1963 284 fre-

1122 299 1248 341 quentia
1264 300 1430 332 Particulae
1454 301 1490 331 ἂν
1513 313 1583 332 cum
1608 302 1779 343 significatu
1800 311 1964 335 consuetu-

1121 351 1211 389 dinis,
1229 351 1324 393 idque
1342 363 1413 382 cum
1430 352 1610 394 imperfecto
1631 360 1660 383 et
1680 365 1750 383 cum
1767 355 1911 392 Aoristis,
1928 355 1966 386 de

1120 415 1184 445 quo
1200 403 1343 445 exposuit
1360 404 1506 435 Matthia·
1520 404 1577 435 Gr.
1591 404 1647 435 Gr.
1663 405 1690 444 ξ.
1702 414 1775 444 599.
1787 416 1812 434 a.
1831 416 1861 445 p.
1876 415 1964 447 1197.

1120 466 1166 496 sq.
1183 454 1232 485 ed.
1246 454 1297 485 alt.
1325 456 1381 485 Cr.

1162 517 1190 547 p.
1209 505 1249 536 lx.
1265 512 1288 536 ³.
1307 505 1406 546 ’Έσχε
1427 507 1457 536 δὲ
1475 505 1790 546 καὶ-προσκειμένας]
1819 506 1967 538 Habebat

1119 557 1210 587 etiam
1227 556 1357 587 feminas
1372 557 1540 588 admodum
1559 557 1615 588 sibi
1632 557 1770 588 addictas
1787 558 1823 596 (s.
1842 558 1889 587 sui
1905 566 1967 588 stu-

1119 608 1244 646 diosas.)
1291 609 1372 638 Nam
1390 608 1475 650 quod
1491 609 1523 638 h.
1537 608 1556 640 l.
1574 620 1654 639 unus
1675 608 1751 639 liber
1772 608 1859 639 addit
1876 613 1965 648 φιλο-

1118 661 1221 701 σοφίᾳ,
1238 667 1268 690 et
1283 659 1367 701 quod
1386 659 1513 690 Fit-inus
1535 659 1696 702 expressit,
1719 659 1750 690 id
1770 671 1786 690 e
1810 660 1963 701 sequenti-

1119 710 1176 742 bus
1200 711 1261 741 huc
1284 711 1449 753 repetitum
1470 711 1603 742 arbitror
1619 724 1637 742 a
1652 711 1788 749 librario,
1806 712 1860 753 qui
1877 712 1963 742 Dati-

1117 773 1191 792 vum
1204 762 1391 793 desideraret
1407 762 1445 793 ad
1458 763 1681 802 προσκειμένας,
1695 774 1796 805 neque
1808 770 1966 804 reputaret

1117 813 1184 855 ejus
1199 813 1259 844 vim
1280 814 1377 845 inesse
1400 814 1429 844 in
1450 813 1742 855 Ἔσχε.-Γεμίναν.
1789 815 1897 856 Hujus
1919 814 1963 845 fe-

1117 865 1207 896 minae
1223 873 1253 896 et
1269 865 1457 907 reliquarum
1474 877 1585 896 nomen
1602 865 1673 896 hine
1688 865 1718 896 in
1733 865 1964 896 Platonicarum

1116 916 1286 947 indiculum
1301 917 1431 948 relatum
1445 924 1490 948 est
1502 917 1673 948 aFabricio
1684 918 1721 948 B.
1735 917 1838 948 Gr.V.
1852 930 1882 960 p.
1894 927 1962 958 194.

1116 968 1208 1000 Harl.
1235 969 1289 999 Cr.

1152 1031 1183 1061 p.
1195 1019 1237 1050 lx.
1251 1019 1274 1050 b.
1291 1018 1672 1060 Ἀμφίκλειαν-γυναῖκα]
1693 1020 1803 1051 “Haec
1819 1020 1861 1050 ita
1877 1020 1964 1050 reddi

1115 1071 1245 1102 debent:
1272 1071 1452 1113 Amphiclea
1475 1082 1592 1113 quoque
1612 1071 1783 1109 Aristonis,
1803 1073 1857 1114 qui
1880 1073 1965 1102 Iam-

1115 1123 1309 1164 bliclzisllizcs
1323 1127 1401 1159 erat,
1419 1134 1508 1153 umor.
1557 1122 1763 1153 Iamblichum
1782 1122 1864 1153 hunc
1881 1123 1962 1154 anti-

1115 1174 1253 1217 quiorem
1278 1186 1313 1205 ae
1336 1174 1492 1204 diversum
1514 1173 1651 1216 intellige
1666 1186 1684 1204 a
1699 1173 1810 1204 celebri
1831 1174 1965 1216 philoso-

1116 1226 1189 1268 pho,
1207 1225 1375 1268 Porphyrii
1391 1224 1555 1266 discipulo,
1572 1224 1610 1255 de
1626 1237 1689 1267 quo
1705 1225 1786 1255 infra
1807 1237 1826 1256 a
1849 1237 1897 1256 me
1920 1225 1965 1256 di-

1432 1276 1589 1306 Nimirum
1614 1276 1644 1306 in
1667 1276 1747 1307 Bibl.
1766 1277 1824 1307 Gr.
1842 1276 1961 1307 V01.V.

1114 1340 1144 1370 p.
1159 1329 1230 1369 758.
1244 1340 1311 1370 sqq.
1328 1335 1358 1358 et
1375 1336 1444 1368 773.
1459 1327 1549 1358 Harl.
1568 1327 1621 1358 ubi
1638 1335 1740 1358 tamen
1756 1327 1852 1370 hujus
1868 1329 1964 1370 patris

1114 1379 1271 1410 Aristonis
1288 1378 1403 1410 mentio
1419 1379 1530 1410 omissa
1544 1386 1599 1410 est.
1643 1379 1777 1410 Fabricii
1793 1380 1964 1411 annotatio-

1115 1442 1183 1461 nem
1200 1429 1346 1461 adhibuit
1361 1430 1428 1472 ejus
1448 1430 1620 1473 discipulus
1634 1431 1684 1462 Jo.
1697 1431 1813 1462 Christ.
1837 1432 1903 1462 Wol
1928 1443 1963 1463 us

1114 1483 1145 1513 in
1156 1481 1283 1513 RIulier.
1297 1482 1450 1513 Graecarr.
1463 1494 1533 1524 quae
1545 1482 1682 1512 oratione
1699 1494 1789 1525 prosa
1803 1494 1866 1513 usae
1878 1491 1960 1521 sunt,

1114 1533 1311 1575 Fragmentis
1335 1541 1365 1564 et
1381 1533 1502 1574 Elegiis
1518 1545 1547 1575 p.
1562 1542 1633 1574 257.
1651 1542 1761 1565 notans
1784 1534 1874 1565 simul
1892 1536 1962 1565 Me-

1113 1585 1253 1627 nagium,
1277 1584 1331 1627 qui
1353 1585 1384 1615 in
1409 1585 1549 1616 Historia
1574 1585 1738 1616 mulierum
1765 1585 1962 1628 philosopho-

203 1649 287 1681 gorr.
311 1637 360 1668 ΙΙ.
387 1648 419 1679 p.
442 1636 489 1668 82.
516 1648 548 1679 p.
567 1637 639 1667 226.
664 1636 768 1667 Pfeiff.
787 1636 895 1678 jungit
918 1637 1048 1676 στερεὸς,
1068 1644 1093 1671 Ε
1113 1648 1182 1667 rum
1201 1637 1292 1677 §.48.
1306 1636 1386 1667 idem
1400 1636 1508 1667 vitium
1526 1636 1691 1667 admiserat
1702 1644 1732 1668 et
1742 1637 1960 1679 Amplbiehiam

205 1690 321 1721 εὔτονος
336 1696 366 1719 et
382 1688 548 1720 ἀδιάκοπος.
575 1689 628 1719 Cr.

247 1752 276 1782 p.
293 1739 346 1770 lix.
365 1746 392 1770 n.
419 1740 456 1772 ὡς
479 1739 590 1778 μηδένα
610 1739 770 1778 διαστήσας
793 1740 904 1780 χρόνον
926 1739 1047 1781 μεταξὺ]

204 1791 273 1822 Vid.
291 1791 395 1833 Viger.
412 1791 450 1822 de
467 1790 653 1822 Idiotismm.
672 1791 752 1822 VII.
774 1801 804 1831 9.
825 1801 852 1821 1.
876 1802 905 1832 p.
923 1791 997 1829 418.
1021 1798 1051 1822 et

204 1844 274 1873 Ast.
290 1841 331 1872 ad
348 1841 429 1873 Plat.
448 1842 557 1884 Remp.
578 1843 605 1873 Ι.
624 1853 671 1873 10.
687 1854 719 1885 p.
732 1853 803 1883 349.
840 1843 938 1873 Mox:
959 1845 1051 1881 συνῆν

203 1895 339 1936 -ἑαυτῷ
362 1894 421 1932 ἅμα
446 1894 492 1924 καὶ
514 1897 573 1926 τοῖς
596 1894 711 1926 ἄλλοις.
760 1894 880 1925 Similes
902 1893 1051 1924 formulas

203 1945 288 1986 apud
302 1944 463 1975 Platonem
481 1945 728 1987 Sophoclemque
743 1945 937 1976 illustrarunt
952 1945 1050 1976 Hein-

204 1995 285 2026 dorf.
301 1995 340 2026 ad
357 1996 515 2028 Chai-mid.
535 1997 565 2036 ξ.
579 2006 606 2036 7.
623 2008 654 2038 p.
668 1997 720 2027 62.
759 1996 850 2027 Idem
866 1997 904 2027 ad
923 1997 1047 2028 Phaedr.
1069 2000 1091 2027 F

206 2049 234 2088 ξ.
252 2048 302 2088 63.
327 2059 357 2089 p.
375 2049 445 2078 261.
469 2057 499 2079 et
522 2047 711 2078 Doederlein.
736 2048 776 2079 ad
799 2049 910 2091 OEdip.
937 2049 1045 2081 Colon.

204 2111 234 2129 v.
252 2099 322 2140 656.
339 2111 473 2141 quocum
494 2099 567 2131 facit
588 2101 762 2130 Hermann.
786 2100 827 2131 ad
849 2100 978 2131 eandem
1002 2101 1048 2131 fa-

204 2150 309 2181 bulam
325 2162 354 2181 ν.
368 2152 440 2181 666.
484 2151 558 2181 Alia
573 2151 661 2193 posui
677 2151 717 2182 ad
735 2151 848 2183 Plotini
865 2164 896 2194 p.
914 2153 988 2191 468.
1004 2154 1046 2184 A.

204 2202 288 2232 haec:
314 2201 360 2232 καὶ
382 2202 535 2241 γινόμενος
556 2206 614 2233 τῶν
636 2204 690 2241 μὲν
712 2203 815 2234 ἄλλων
834 2203 897 2241 ἔξω,
923 2205 1049 2242 ἐμαυτοῦ

205 2254 235 2284 δὲ
260 2254 338 2283 εἵσω.
854 2256 935 2285 Cum
958 2263 1048 2286 antea

203 2304 356 2346 legeretur
387 2304 566 2343 ἐσχόλασεν,
597 2305 821 2348 ἶνγῐῑοηῦαεὴ.
859 2306 1044 2348 adscripsit:

385 2253 483 2283 Mox:
511 2253 562 2284 οὐκ
586 2254 622 2284 ἂν
646 2253 807 2294 ἐχάλασεν.

1112 1688 1234 1719 dixerat
1249 1688 1331 1719 illam
1349 1688 1506 1726 feminam,
1524 1688 1659 1730 itemque
1675 1688 1841 1726 libertum,
1859 1688 1913 1730 qui
1929 1688 1960 1719 in

1114 1741 1228 1770 Museo
1245 1739 1394 1781 Gynaecei
1411 1739 1504 1770 Docti
1528 1751 1556 1781 p.
1577 1750 1623 1780 13.
1649 1751 1708 1770 non
1733 1740 1835 1770 minus
1853 1740 1960 1771 vitiose

1112 1791 1240 1822 eandem
1269 1790 1478 1833 appellaverat
1504 1791 1760 1833 Amphilochium.
1812 1792 1959 1822 Ceterum

1113 1843 1170 1874 hoc
1186 1844 1253 1874 loco
1268 1843 1393 1880 addam,
1408 1854 1479 1884 quae
1496 1842 1634 1873 Davides
1651 1842 1681 1873 in
1698 1843 1846 1885 Quinque
1862 1844 1960 1874 Voces

1114 1894 1281 1937 Porphyrii
1304 1894 1335 1925 in
1353 1893 1432 1924 Cod.
1451 1894 1533 1935 Reg.
1551 1893 1649 1924 Paris.
1668 1905 1713 1924 nr.
1731 1904 1822 1935 1939.
1846 1894 1956 1925 habet:

1112 1947 1285 1986 Πορφυρίου
1302 1947 1333 1976 δὲ
1348 1948 1399 1976 τοῦ
1414 1946 1552 1977 Φοίνικος
1568 1945 1614 1976 καὶ
1630 1947 1681 1976 τοῦ
1697 1948 1822 1976 στωϊκοῦ
1836 1948 1888 1976 τοῦ
1902 1959 1957 1984 μα-

1112 2000 1200 2036 θητοῦ
1214 1999 1265 2027 τοῦ
1281 1997 1447 2028 Πλωτίνου.
1494 1996 1560 2028 Ubi
1578 1996 1732 2039 singulare
1748 2004 1793 2028 est
1810 1997 1957 2039 Porphy-

1111 2049 1191 2079 rium
1210 2047 1346 2079 Stoicum
1364 2047 1522 2090 appellari.
1564 2048 1686 2078 Ibidem
1703 2048 1733 2078 in
1753 2060 1837 2090 sqq.:
1855 2050 1958 2079 τούτου

1112 2101 1178 2139 (τοῦ
1188 2100 1359 2139 Πλωτίνου)
1375 2099 1503 2138 μαθητὴς
1518 2100 1648 2139 γεγονὼς
1664 2101 1679 2129 ὁ
1697 2101 1867 2139 Πορφύριος
1883 2100 1956 2140 ἕο-χε

1109 2151 1241 2190 μαθητὴν
1255 2149 1433 2191 Ἰάμβλιχον
1448 2150 1500 2181 τὸν
1516 2150 1673 2182 Χαλκιδέα.
1699 2151 1810 2183 Χαλκὶς
1827 2152 1857 2181 δὲ
1873 2153 1958 2184 πόλις

1111 2203 1175 2233 ἐστὶ
1192 2203 1306 2242 Συρίας,
1323 2202 1389 2241 περὶ
1410 2202 1444 2232 οὗ
1466 2202 1511 2232 καὶ
1532 2201 1680 2232 λέλεκται”
1705 2202 1807 2234 ἔνθους
1822 2203 1837 2232 ὁ
1854 2203 1954 2241 Σύρος,

1109 2254 1280 2293 πολυμαθὴς
1295 2255 1310 2283 ὁ
1327 2256 1438 2291 Φοῖνιξ,
1457 2254 1554 2291 ἐπειδὴ
1569 2253 1744 2293 Ἰάμβλιχος
1765 2254 1820 2292 μὲν
1835 2254 1955 2284 ἐθεολό-

1110 2318 1204 2345 γησεν
1220 2306 1344 2344 ἀρίστως
1361 2305 1591 2340 ἐνθουσιασθεὶς,
1611 2305 1693 2336 οὗτος
1709 2306 1740 2335 δὲ
1756 2306 1770 2334 ὁ
1788 2306 1957 2344 Πορφύριος

204 2359 227 2374 “
246 2355 332 2396 Lege
348 2352 508 2394 ἐχάλασεν.
531 2355 569 2385 ef.
593 2367 622 2397 p.
644 2357 738 2396 109.”
762 2356 814 2387 ubi
838 2357 919 2388 idem
935 2358 1045 2389 vitium
1066 2363 1092 2391 G
1110 2357 1371 2395 πολυμαθέστατος
1385 2355 1519 2395 γέγονεν.
1547 2355 1638 2386 Vides
1651 2355 1808 2397 quomodo
1822 2355 1954 2386 thnix

203 2406 352 2437 librorum
383 2416 442 2447 ope
471 2406 669 2438 correximus.
727 2407 861 2438 Similem
894 2409 1045 2440 maculam

203 2457 336 2488 eluimus
366 2467 403 2486 ex
434 2456 537 2487 Procli
564 2458 771 2489 Commentar.
802 2459 832 2489 in
863 2459 967 2491 Alcib.
998 2473 1045 2503 pr.

206 2509 311 2540 XIII.
325 2520 357 2550 p.
367 2518 418 2546 41.
436 2507 489 2538 ubi
505 2515 570 2538 erat
584 2507 770 2548 χολάσαντες
784 2521 841 2551 pro
852 2510 1045 2550 χαλάσασαν,

204 2560 259 2590 ubi
274 2559 336 2590 vid.
353 2567 458 2589 annot.
482 2570 513 2601 p.
530 2568 581 2598 42.
605 2559 685 2589 adde
701 2560 870 2591 Ruhnken.
888 2561 927 2592 ad
944 2563 1043 2594 Rutil.

204 2611 290 2653 Lup.
307 2622 338 2653 p.
351 2612 401 2649 69.
434 2611 471 2640 In
490 2609 614 2640 Plotino
628 2610 684 2640 IV.
697 2620 729 2651 3.
743 2611 771 2640 6.
790 2611 916 2642 verbum
934 2613 1046 2655 legitur

204 2669 234 2692 et
250 2662 308 2692 IV.
324 2672 354 2700 4.
371 2670 424 2702 45.
441 2661 666 2692 substantivum
684 2660 822 2701 χάλασις.
847 2662 990 2705 Denique
1005 2665 1045 2696 ad

1112 2407 1306 2450 Porphyrius
1317 2419 1334 2438 a
1348 2408 1426 2448 Syro
1441 2407 1613 2438 Iamblicho
1626 2407 1844 2448 distinguatur.
1863 2406 1953 2444 Quod

1108 2459 1351 2501 haudquaquam
1368 2459 1451 2490 favet
1467 2470 1573 2490 eorum
1591 2458 1760 2496 sententiae,
1773 2458 1827 2500 qui
1842 2460 1953 2500 Syrum

1108 2511 1207 2542 facere
1222 2510 1331 2541 volunt
1348 2510 1570 2552 Porphyrium.
1596 2512 1666 2548 Qua
1681 2510 1719 2540 de
1735 2522 1767 2540 re
1784 2521 1876 2551 supra
1892 2508 1954 2539 dic-

1109 2570 1172 2593 tum
1189 2570 1245 2593 est.
1271 2563 1327 2593 Cr.

1150 2625 1179 2655 p.
1194 2613 1236 2644 lx.
1253 2619 1275 2643 C.
1297 2613 1628 2652 τέκνα-παρεδίδοσαν
1641 2614 1715 2651 μετὰ
1729 2614 1778 2649 τῆς
1793 2612 1886 2648 ἄλλης
1901 2610 1948 2640 οὐ-

1108 2665 1188 2706 σίας]
1214 2665 1260 2695 Η.
1276 2664 1297 2695 l.
1319 2665 1412 2702 ἄλλης
1436 2664 1590 2694 redundat
1608 2663 1720 2694 Attice.
1768 2663 1836 2698 Qua
1859 2661 1897 2691 de
1922 2672 1953 2691 re
