2201 2990
590 133 651 172 IN
683 132 791 171 Llss.
825 131 902 170 III.
934 131 1189 170 ENNEAD.
1221 132 1520 171 SECUNDAE.

203 245 263 276 que
280 232 331 264 Dii
353 230 481 262 oraculis
503 229 606 259 satalia
628 229 781 265 nuntiant,
803 227 957 258 stellarum
982 227 1035 257 ob-

204 276 372 307 servatione
400 272 574 315 praedicere,
603 270 773 312 subjungit,
802 271 886 300 Deos
911 281 1036 311 quoque

201 330 282 366 saepe
304 316 433 352 mentiri,
450 322 542 356 atque
565 313 747 355 exquisitam
764 313 941 343 futurorum
960 324 1035 352 cog-

202 361 345 392 nitionem
361 370 419 389 non
435 357 608 387 hominibus
624 356 733 393 solum,
749 355 801 386 sed
818 355 922 385 multis
942 354 1033 385 etiam

204 405 338 434 Deorum
357 412 419 431 esse
439 411 562 441 prorsus
585 399 747 429 incertam:
773 404 802 428 et
819 398 932 439 quibus
949 398 1030 428 Deo-

201 456 268 476 rum
295 445 478 474 innotescere
503 449 613 484 potest,
641 453 701 471 non
728 441 865 482 qualibet
892 441 967 470 hora
994 440 1033 471 ad

200 488 323 530 plenum
345 497 408 516 esse
432 492 630 527 perspectam.
672 484 720 514 Sic
742 484 845 525 itaque
868 483 1032 520 daemones,

199 538 347 572 quantum
379 535 493 570 spectat
521 527 560 558 ad
590 538 734 569 pra‘sens,
761 527 922 568 disponere
948 526 1032 557 libet.

201 572 339 603 sEtherei
360 571 513 602 daemones
535 575 635 600 aerem
657 569 788 600 colentes
811 569 1029 606 sublimiorem,

198 615 327 646 caelestia
342 614 448 655 magis,
465 625 556 655 quam
574 621 703 649 terrena,
720 612 966 654 contemplantur
981 624 1027 642 os-

199 665 297 689 tenta:
322 657 409 698 aquei
434 668 505 686 vero
527 656 680 686 daemones
702 660 802 686 aerem
826 655 938 686 seilicet
962 655 1030 685 infl—

199 712 283 731 mum
306 700 486 736 habitantes,
503 711 540 729 ex
556 699 665 729 nostris
687 698 794 740 magis,
811 710 902 740 quam
920 710 956 728 ex
973 710 1031 728 cze-

199 744 333 779 lestibus,
346 754 444 773 rerum
461 748 642 783 argumenta
654 749 814 772 venantur:
836 741 933 772 Medii
948 741 1031 771 deni-

198 798 259 828 que
288 785 476 817 commodius
506 784 669 826 utrobique
699 784 785 826 signa
812 784 1029 826 conspiciunt:

199 829 266 860 ideo
282 828 421 859 vaticinio
436 828 519 869 apud
537 839 593 857 nos
609 835 679 858 sunt
695 827 861 858 admodum
886 827 1027 869 aptiores.

198 872 251 902 Ab
274 872 320 902 his
345 871 452 912 utique
476 871 623 912 Origenes
649 870 701 907 ait,
728 870 865 901 homines
893 882 1031 900 nonnun-

198 926 290 956 quam
315 914 464 956 aecepisse
488 914 652 956 praesagia:
679 922 878 944 veruntamen
905 913 966 943 sive
993 913 1032 943 al)

197 957 243 988 his
265 957 446 999 acceperint,
464 957 525 987 sive
541 956 751 987 observatione
774 957 947 993 didicerint,
963 968 1034 986 con-

197 1001 264 1031 fusa
279 1000 460 1042 prospicere,
474 1008 503 1030 et
518 999 646 1041 caligine
662 999 795 1041 quadam
813 999 999 1030 hallucinari.

212 1085 306 1112 Multis
320 1086 352 1111 (Ie
366 1086 451 1111 causis
458 1084 590 1119 judicium
605 1084 750 1120 defuturis
766 1089 805 1111 est
820 1085 1018 1121 difficillimam.

239 1132 329 1169 Quod
345 1140 446 1162 autem
463 1143 517 1162 nee
533 1131 624 1161 homo
641 1143 694 1162 nec
707 1131 826 1162 daemon
844 1131 907 1162 sola
919 1131 1033 1173 inspec-

198 1175 278 1205 tione
300 1175 464 1205 caelestium
489 1175 690 1205 minutissima
713 1186 846 1216 quaeque
872 1174 956 1216 apud
980 1186 1033 1204 nos

198 1218 367 1260 perspicere
390 1218 498 1254 valeat,
523 1218 603 1247 111111(-
630 1218 659 1247 111
685 1217 810 1247 modum
834 1225 1031 1259 argumenta-

199 1272 275 1291 mur.
301 1261 388 1291 Sicut
400 1260 544 1302 quzelibet
560 1268 669 1290 natura
682 1260 808 1291 caelestis
824 1268 943 1290 terrena
959 1272 1031 1302 qua<

198 1303 271 1334 libet
296 1312 405 1334 natura
431 1303 621 1333 communior
646 1312 713 1334 est:
746 1303 787 1334 ita
814 1303 942 1345 quilibet
968 1303 1032 1333 ca¹li

199 1353 300 1376 motus
331 1354 449 1376 terreno
478 1346 616 1388 quolibet
645 1354 689 1376 est
720 1352 804 1376 motu
832 1346 1030 1377 communior.

200 1390 269 1419 Non
287 1397 413 1431 possunt
429 1389 523 1430 igitur
538 1401 554 1419 e
569 1389 643 1419 eaelo
658 1389 696 1419 ad
714 1397 822 1419 terram
840 1389 878 1419 ad
896 1389 1033 1419 minutis-

198 1432 308 1462 simum
333 1432 478 1474 quodque
504 1432 590 1462 reddi
618 1431 737 1473 singula
764 1432 907 1473 singulis:
932 1444 1031 1473 neque

198 1475 291 1516 igitur
322 1482 448 1516 possunt
480 1475 526 1505 hie
556 1474 680 1505 minima
709 1487 842 1516 (1111011110
872 1475 1031 1517 perspicue

198 1517 267 1548 inde
283 1517 421 1548 discerni.
458 1519 584 1559 Semper
598 1518 676 1547 enim
694 1517 820 1548 czclestis
836 1518 928 1548 motio
944 1518 1031 1559 quasi

197 1560 396 1597 communior,
413 1560 451 1590 ad
474 1560 576 1602 plures
599 1560 646 1590 hie
667 1568 711 1590 est
732 1561 879 1591 motiones
895 1560 1028 1591 indiffer-

196 1614 268 1634 ens:
294 1612 328 1634 ut
351 1603 406 1633 nisi
430 1612 541 1645 praeter
564 1603 670 1633 eaelum
696 1604 820 1645 insuper
842 1604 905 1634 haec
929 1611 1032 1634 nostra

196 1647 397 1688 conspexeris,
424 1646 612 1688 perpendere
642 1658 785 1688 nequeas,
815 1659 878 1688 qua
907 1647 1028 1688 potissi—

198 1700 280 1719 mum
300 1689 472 1720 conditione
495 1689 543 1719 hie
567 1689 694 1720 caelestis
719 1690 811 1720 motio
836 1689 984 1731 capiatur,
1001 1698 1029 1720 et

198 1739 296 1762 utram
316 1732 417 1774 potius
439 1732 469 1762 in
492 1741 607 1774 partem
629 1732 804 1763 definiatur.
852 1733 989 1774 Suscipe,
1008 1733 1030 1763 si

198 1774 306 1816 placet,
336 1775 366 1805 in
396 1782 449 1806 tua
478 1775 580 1817 genesi
610 1775 674 1806 eaeli
704 1776 854 1817 figuram:
890 1776 1031 1806 definitas

198 1818 344 1858 quasdam
360 1826 389 1848 et
406 1830 532 1848 numero
547 1830 659 1860 paucas
675 1818 704 1848 in
722 1830 757 1849 ea
773 1826 858 1849 notas
882 1818 1030 1860 inspicies,

199 1860 311 1901 quibus
325 1872 499 1891 communes
514 1861 674 1903 quosdam,
690 1869 720 1892 et
743 1873 856 1903 paucos
877 1861 906 1891 111
924 1870 953 1892 te
974 1874 1028 1892 no-

200 1910 263 1933 tare
278 1903 347 1934 inde
361 1916 454 1945 queas
469 1904 602 1934 effectus.
640 1905 749 1934 Motus
765 1905 867 1946 itaque
884 1912 952 1935 tuos
968 1917 1031 1935 om-

201 1956 262 1982 1105,
278 1946 330 1987 qui
346 1958 405 1976 non
424 1946 452 1976 in
475 1954 538 1977 tota
560 1947 656 1977 solum
674 1947 746 1984 vita,
764 1947 815 1978 sed
839 1959 918 1977 anno
933 1949 1030 1990 quoli-

200 1988 250 2018 bet
276 1996 367 2030 atque
391 2001 491 2019 mense
515 1989 750 2021 innumerabiles
772 1998 853 2027 sunt,
871 2002 1029 2033 nunquam

201 2038 286 2072 potes
301 2031 370 2061 inde
385 2032 551 2074 perspicere
564 2045 569 2062 :
597 2044 650 2063 nec
667 2033 782 2064 etiamsi
798 2033 935 2075 quolibet
951 2046 1031 2064 anno

201 2073 417 2104 revolutionem
435 2082 495 2105 tuze
511 2075 676 2106 nativitatis
690 2076 828 2106 evolvas:
850 2088 949 2118 neque
966 2089 1030 2107 rur-

201 2128 279 2152 sum,
301 2116 323 2146 si
346 2117 481 2158 quotidie
504 2118 663 2160 diligenter
684 2119 834 2149 observes.
882 2120 977 2150 Mitto
1000 2121 1029 2151 in

200 2159 369 2200 przesentia,
387 2160 460 2201 quid
477 2160 628 2191 daemones
650 2162 776 2203 possint,
793 2162 930 2193 homines
950 2171 1030 2194 certe

201 2213 260 2231 11011
277 2210 411 2243 possunt.
458 2203 583 2244 Sapiens
599 2215 687 2234 nemo
703 2205 835 2246 negabit,
852 2205 952 2236 stellas
967 2218 1030 2236 om-

201 2256 263 2281 1105,
280 2256 350 2286 quw
373 2245 458 2275 nobis
481 2245 713 2277 innumerabiles
736 2255 816 2284 sunt,
834 2248 871 2278 ad
888 2249 1028 2279 effectum

199 2288 365 2327 quemlibet
389 2289 524 2317 conferre
547 2289 693 2326 nonnihil,
710 2302 746 2320 ex
766 2302 932 2332 earumque
954 2304 1027 2322 con-

200 2329 285 2360 fluxu
303 2342 463 2360 commune
478 2330 603 2372 aliquid,
620 2340 649 2362 et
665 2332 694 2362 id
710 2333 832 2374 quidem
850 2345 906 2375 pro
923 2342 1030 2365 natura

199 2372 254 2402 loci
269 2379 299 2403 et
315 2373 459 2409 materize,
476 2373 594 2404 confici:
611 2375 753 2417 astrologi
767 2387 838 2405 vero
850 2376 949 2407 stellas
965 2384 1030 2408 tan-

200 2423 265 2445 tum
289 2416 370 2446 mille
387 2416 555 2457 vigintique
578 2424 607 2446 et
630 2417 716 2453 duas,
734 2418 778 2448 vel
803 2418 841 2448 ad
865 2431 1029 2456 summum,

199 2470 291 2500 super
311 2458 391 2489 mille
411 2466 641 2500 quatercentum
666 2461 859 2502 septuaginta
882 2473 933 2492 sex
950 2462 1028 2493 dun-

200 2508 283 2532 taxat
298 2502 469 2532 observant.
517 2504 586 2539 Quo
602 2503 645 2539 lit,
664 2511 697 2533 ut
712 2514 780 2533 enin
797 2503 943 2534 minorem
960 2517 1030 2535 eau-

199 2555 299 2574 sarum
316 2556 475 2575 numerum
495 2552 628 2581 teneant,
641 2552 734 2586 atque
749 2557 798 2576 eas
813 2546 948 2577 nondum
965 2559 1032 2589 per-

199 2620 277 2647 λαγίων
295 2621 419 2648 cnm-apim.-
437 2621 508 2643 etiam
521 2627 570 2644 tum
583 2629 595 2643 a
611 2621 691 2643 Firino
703 2621 788 2644 lectum
806 2622 877 2645 fuisse
894 2623 1030 2652 arbitratur,

199 2658 221 2674 et
239 2653 387 2681 probabiliter
405 2653 518 2683 hodieque
536 2654 559 2676 in
578 2653 656 2683 aliqua
671 2654 814 2677 Bibliotheca
828 2654 963 2678 Florentina
980 2656 1031 2679 lati-

200 2690 255 2706 tare.

1832 151 1902 176 221

1078 227 1239 257 fectissime
1261 227 1400 263 calleant,
1424 227 1594 258 absolutam
1619 230 1743 260 effeetus
1765 232 1912 263 conditio-

1079 281 1146 299 nem
1159 270 1299 311 judieare
1314 281 1373 299 non
1391 269 1525 310 possint:
1551 272 1720 311 prwsertim
1737 284 1805 303 cum
1823 286 1914 316 super

1079 312 1216 353 planetas
1237 312 1331 342 stellae
1353 312 1411 342 sint
1426 324 1517 353 quam
1543 312 1694 353 plurinnr,
1710 321 1774 344 tum
1799 318 1914 357 magni-

1078 355 1195 392 tudine,
1212 363 1278 385 tum
1296 354 1457 396 splendore
1474 355 1635 385 mirabiles.
1683 356 1749 386 Sint
1765 356 1915 389 etiamin-

1078 398 1281 428 numerabiles
1300 398 1329 427 in
1346 398 1419 428 orbe
1443 397 1538 428 lacteo
1557 398 1653 428 oculis
1668 399 1791 429 omniuo
1808 402 1915 431 nostris

1077 440 1226 471 occultae:
1263 441 1400 483 planetas
1428 452 1498 471 vero
1524 441 1561 471 ad
1591 441 1745 472 stellarum
1776 451 1915 484 aspectus

1077 483 1165 514 aliter
1187 492 1280 525 atque
1302 484 1389 514 aliter
1412 483 1627 525 affici,1iega1·e
1650 496 1687 514 ex
1709 496 1815 515 eorum
1838 486 1911 516 doe-

1078 526 1157 557 trina
1184 538 1243 557 non
1270 534 1424 568 poterunt.
1476 527 1583 565 Mitto,
1609 527 1693 568 quod
1722 528 1915 559 Phavorinus

1076 569 1278 612 philosophus
1294 581 1353 600 non
1371 570 1466 600 solum
1489 569 1562 600 alias
1582 570 1682 600 stellas
1702 577 1813 612 praeter
1829 579 1915 602 notas

1074 613 1212 649 existere,
1230 624 1332 643 verum
1350 613 1440 643 etiam
1458 612 1593 654 planetas
1606 613 1680 643 alios
1696 613 1833 655 disputat
1849 627 1913 645 esse

1074 668 1172 697 posse,
1189 656 1309 698 ignotos
1325 656 1371 686 vel
1388 663 1514 697 propter
1529 656 1698 697 splendoris
1717 657 1848 698 copiam,
1866 658 1913 687 vel

1075 707 1201 741 propter
1216 699 1463 741 exsuperantiam
1487 699 1676 729 altitudinis:
1702 699 1765 730 sine
1781 712 1913 741 quorum

1074 742 1285 773 observatione
1301 742 1405 772 haberi
1421 743 1521 772 forsan
1540 742 1674 783 perfecta
1690 754 1791 773 rerum
1808 743 1915 773 notitia

1075 792 1215 827 nequeat.
1246 785 1299 816 Ad
1317 785 1380 815 haec.
1396 785 1419 815 si
1435 785 1504 826 quis
1519 785 1652 827 objiciat,
1670 785 1770 816 stellas
1786 786 1913 827 quidem

1075 828 1279 870 hemisphferii
1306 828 1400 858 nostri
1424 840 1514 869 agere
1539 828 1568 858 111
1597 828 1749 859 hominem
1775 829 1832 859 sub
1857 829 1914 859 hoe

1075 872 1141 913 ipso
1157 871 1313 902 horizonte
1330 878 1514 908 nascentem,
1531 871 1559 901 in
1576 871 1650 902 alios
1664 871 1751 902 alias:
1775 873 1914 914 Respon-

1076 915 1200 945 demus:
1233 914 1344 951 stellas,
1371 914 1547 956 ubicunque
1574 915 1644 949 sint,
1669 926 1774 945 omnes
1797 915 1826 945 iu
1851 927 1913 946 sese

1076 958 1204 988 invicem
1223 957 1371 999 conjicere
1387 957 1497 995 radios,
1515 965 1603 988 terra*
1626 958 1735 988 umbra
1757 958 1814 988 hoc
1838 970 1913 988 nun-

1077 1013 1169 1042 quam
1185 1001 1380 1042 impediente,
1397 1012 1508 1042 eosque
1525 1000 1662 1041 undique
1680 1001 1718 1031 ad
1743 1012 1796 1031 nos
1817 1012 1914 1043 usque

1078 1044 1237 1085 trajicere:
1273 1044 1343 1074 item
1371 1055 1484 1086 paucas
1513 1043 1679 1073 admodum
1707 1044 1912 1086 hemisphaerii

1078 1087 1178 1118 stellas
1194 1087 1369 1117 hominibus
1384 1098 1447 1117 esse
1463 1094 1598 1117 notatas:
1623 1086 1684 1116 imo
1699 1087 1789 1117 etiam
1807 1087 1829 1117 si
1847 1087 1915 1118 stel-

1078 1130 1175 1160 larum
1201 1141 1346 1160 numerus
1369 1129 1407 1160 ad
1431 1128 1590 1160 minimum
1608 1138 1805 1171 computatus
1826 1138 1913 1167 esset,

1077 1173 1174 1204 virtus
1190 1181 1270 1203 certe
1286 1184 1345 1203 11011
1362 1172 1459 1202 01111115
1482 1172 1583 1202 adhuc
1602 1179 1646 1202 est
1668 1180 1738 1203 nota
1752 1185 1757 1203 :
1783 1173 1843 1203 imo
1860 1185 1913 1203 nee

1077 1216 1274 1258 deprehensae
1295 1216 1397 1246 adhue
1420 1215 1549 1256 singulze
1569 1215 1727 1252 motiones,
1744 1227 1798 1246 nee
1814 1216 1913 1254 oculo,

1078 1271 1133 1290 nee
1150 1260 1364 1293 instrumento,
1381 1270 1435 1288 nee
1451 1266 1541 1288 aetate
1556 1258 1594 1288 ad
1610 1269 1715 1288 omnes
1736 1258 1911 1289 sufficiente.

1078 1302 1159 1339 Quid
1174 1304 1186 1332 Ρ
1210 1301 1294 1343 quod
1311 1301 1521 1331 difficillimum
1540 1300 1657 1331 creditu
1674 1309 1718 1331 est
1732 1313 1737 1331 :
1766 1302 1913 1332 Mercurii

1077 1344 1331 1386 magnitudinem,
1356 1343 1561 1379 altitudinem,
1590 1343 1765 1381 motionem,
1790 1344 1829 1374 ad
1858 1356 1913 1374 un-

1075 1399 1168 1428 guem
1192 1399 1255 1418 esse
1283 1394 1485 1429 perspectam,
1510 1387 1532 1417 si
1559 1386 1684 1428 quidem
1708 1394 1738 1417 et
1764 1387 1914 1418 rarissime

1076 1430 1210 1468 videtur,
1228 1438 1255 1461 et
1281 1438 1354 1460 111110
1376 1430 1505 1460 obscure
1528 1442 1558 1460 se
1580 1429 1696 1471 objicit,
1712 1442 1746 1460 ac
1762 1430 1824 1460 fere
1848 1442 1912 1461 mo-

1076 1482 1188 1510 mento,
1212 1485 1311 1515 neque
1334 1472 1522 1514 diligentiam
1547 1473 1738 1514 suspicientis
1760 1481 1911 1515 expectat.

1077 1517 1156 1546 Cum
1173 1529 1256 1558 ergo,
1274 1516 1349 1557 quid
1374 1516 1421 1552 sit,
1437 1516 1511 1557 quid
1536 1516 1585 1545 fiat
1611 1516 1641 1545 in
1664 1515 1750 1553 caelo,
1776 1516 1913 1546 nondum

1075 1568 1269 1602 perspectum
1294 1559 1348 1590 sit:
1374 1559 1516 1589 nimirum
1542 1570 1640 1600 neque
1661 1559 1751 1588 etiam
1768 1559 1842 1600 quid
1860 1560 1913 1590 fiat

1075 1615 1090 1633 e
1106 1603 1189 1633 ezelo.
1238 1604 1391 1633 Praeterea
1406 1613 1467 1632 non
1484 1601 1600 1632 ratione
1618 1601 1773 1642 astrologi,
1790 1602 1843 1632 sed
1859 1614 1912 1632 ex-

1074 1646 1222 1687 perientia
1244 1653 1274 1676 et
1298 1657 1354 1676 usu
1379 1644 1531 1683 nituntur,
1547 1645 1733 1686 experientia
1753 1656 1835 1682 vero,
1856 1645 1911 1675 nisi

1075 1697 1195 1726 cuncta,
1213 1700 1283 1731 quae
1306 1688 1470 1730 utrobique
1489 1688 1685 1718 circumstant
1709 1687 1817 1718 similia
1840 1688 1911 1725 sint,

1075 1732 1238 1774 sa’pissime
1254 1731 1341 1762 fallit.
1367 1733 1419 1762 An
1438 1743 1519 1768 vero,
1535 1731 1608 1772 quia
1624 1739 1764 1761 nascente
1778 1731 1913 1761 Romulo

1077 1776 1164 1805 Mars
1180 1775 1209 1805 in
1226 1775 1334 1805 Ariete
1356 1774 1504 1815 angulum
1523 1774 1656 1804 Orientis
1680 1774 1822 1809 habebat,
1840 1773 1911 1804 talia

1074 1818 1191 1858 gessit?
1230 1818 1331 1848 Stellis
1357 1817 1497 1847 videlicet
1524 1817 1658 1847 humano
1686 1816 1764 1846 notis
1792 1817 1913 1858 ingenio

1075 1861 1170 1891 ferme
1193 1861 1233 1891 sic
1257 1873 1292 1891 eo
1310 1868 1446 1902 tempore
1461 1860 1722 1890 concurrentibus.
1760 1860 1911 1896 Quoniam

1075 1904 1169 1943 igitur
1186 1904 1253 1934 talis
1273 1904 1330 1934 sub
1347 1904 1399 1934 tali
1420 1903 1575 1945 quondam
1593 1902 1667 1934 ezelo
1684 1902 1836 1933 Romulus
1859 1915 1912 1933 ex-

1075 1947 1146 1984 titit,
1163 1947 1314 1989 numquid
1331 1955 1361 1977 et
1378 1946 1522 1983 Annibal,
1539 1946 1587 1976 cui
1610 1947 1697 1976 Mars
1718 1957 1842 1987 quoque
1864 1958 1911 1976 as-

1074 1990 1176 2021 eendit
1203 1990 1232 2020 in
1259 1990 1376 2025 Ariete,
1402 1989 1533 2020 eundem
1559 1989 1683 2019 omnino
1709 1997 1912 2030 consequetur

1074 2035 1246 2063 eventum?
1292 2034 1507 2075 Nequaquam.
1555 2032 1707 2069 Quoniam
1734 2032 1789 2062 etsi
1816 2032 1912 2072 fingas

1074 2076 1211 2118 planetas
1233 2076 1358 2118 insuper
1376 2087 1481 2106 omnes
1504 2075 1640 2105 similiter
1656 2075 1684 2105 in
1704 2082 1834 2116 utroque
1850 2075 1909 2104 dis<

1074 2120 1198 2161 positos,
1215 2119 1281 2149 alia?
1304 2127 1404 2149 tamen
1428 2118 1521 2149 stellae
1542 2118 1787 2159 firmamentique
1811 2125 1912 2159 partes

1074 2173 1133 2192 non
1150 2162 1268 2199 eodem,
1284 2174 1346 2203 quo
1362 2161 1444 2199 olim,
1462 2161 1567 2192 habitu
1586 2173 1649 2191 sese
1664 2161 1786 2191 habent.
1817 2160 1911 2202 Signa

1074 2206 1152 2235 enim
1178 2205 1273 2236 oculis
1296 2204 1525 2246 quodammodo
1549 2204 1708 2234 manifesta
1734 2216 1751 2234 a
1775 2203 1911 2234 Romulo

1073 2248 1111 2278 ad
1129 2248 1315 2279 Annibalem
1333 2248 1422 2278 sitnm
1440 2248 1478 2277 ad
1495 2255 1596 2277 ortum
1614 2247 1679 2287 jam
1701 2254 1910 2283 mutaverunt,

1074 2291 1091 2321 d
1098 2303 1147 2322 um
1166 2291 1222 2322 sub
1234 2292 1327 2332 signis
1339 2290 1464 2321 occultis
1479 2290 1746 2331 stabilioribusque
1758 2289 1911 2320 currentia

1073 2335 1204 2376 gradum
1220 2334 1307 2364 annis
1321 2341 1443 2364 eentum
1461 2344 1557 2363 unum
1575 2340 1740 2375 peragunt:
1766 2344 1829 2374 (1110
1844 2333 1911 2374 (1111-

1073 2377 1142 2408 dem
1159 2377 1188 2407 in
1205 2385 1341 2418 tempore
1361 2377 1517 2418 signorum
1535 2376 1644 2418 positio
1660 2383 1854 2417 permutatur
1870 2375 1908 2404 si-

1074 2420 1193 2462 dusque
1210 2420 1326 2451 visibile
1349 2420 1387 2450 ad
1408 2419 1526 2450 occulta
1549 2419 1634 2459 signa
1656 2418 1743 2449 aliter
1762 2418 1910 2459 aliterque

1074 2475 1104 2493 se
1134 2464 1248 2494 habens
1277 2463 1421 2493 nimirum
1452 2462 1509 2492 alia
1537 2473 1661 2503 quoque
1687 2461 1759 2491 facit
1786 2468 1815 2491 et
1842 2461 1909 2490 alia.

1074 2506 1155 2536 Nam
1175 2514 1205 2537 et
1228 2506 1392 2537 astronomi
1413 2506 1598 2536 confitentur
1618 2505 1655 2535 ad
1679 2504 1827 2534 invisibile
1850 2504 1907 2544 sig-

1075 2559 1147 2579 num
1165 2549 1267 2580 omnia
1282 2549 1458 2580 referenda:
1485 2549 1600 2579 Forsan
1615 2547 1694 2578 enim
1712 2547 1802 2577 Aries
1818 2546 1910 2576 mani-

1076 2592 1182 2630 festus,
1198 2593 1252 2634 qui
1269 2600 1342 2623 tunc
1358 2603 1428 2622 cum
1445 2591 1548 2622 Ariete
1563 2590 1765 2621 concurrebat
1780 2588 1908 2634 occulto,

1075 2646 1155 2665 nunc
1178 2647 1248 2665 eum
1265 2636 1373 2665 Tauro
1388 2634 1540 2675 congruit.
1557 2641 1610 2664 aut
1634 2633 1738 2663 saltem
1760 2643 1828 2661 cum
1853 2630 1910 2659 alio

1077 2677 1191 2708 Arietis
1214 2678 1294 2708 illius
1316 2677 1414 2719 gradu
1440 2677 1500 2707 sive
1525 2676 1661 2706 minuto:
1688 2675 1736 2704 Sic
1752 2682 1781 2704 ct
1802 2680 1910 2703 ca’tera
