2201 2990
238 166 289 202 *8

241 267 388 309 quiddam
407 266 446 297 de
461 266 508 297 his
522 266 553 296 in
569 264 712 309 praesenti
729 263 921 295 considerare
945 274 998 305 per
1018 261 1082 293 ani-

243 322 323 341 mam
340 309 427 351 quasi
443 317 572 351 partem,
590 308 641 339 sed
658 307 788 338 animam
809 306 905 348 ipsam
927 306 956 336 in
979 317 1010 336 se
1031 316 1085 335 ex-

242 354 383 384 istentem
400 352 473 383 talia
487 351 644 382 meditari:
669 362 743 392 ergo
762 361 862 390 neque
882 356 1002 379 mutato
1022 359 1087 378 cor-

245 408 318 438 pore
344 395 480 426 similiter
504 393 685 437 permutari,
709 393 760 423 sed
787 400 904 422 motum
932 392 998 432 ejus
1024 402 1088 421 esse

245 450 335 470 suum
360 438 588 479 essentialisque
608 436 680 466 vitae
701 444 815 470 actum‚
840 434 887 464 vel
910 433 1033 464 vitalem
1056 440 1086 463 et

245 493 408 524 perennem
433 481 570 511 essentiae
592 487 705 509 actum.
753 477 884 508 Subdit:
914 476 992 507 sicut
1014 487 1086 506 con-

245 525 388 556 sideratio
405 523 558 555 rationalis
580 530 624 552 est
647 528 761 557 nostra,
777 519 808 550 id
824 526 869 550 est
887 519 997 549 animae
1018 530 1088 560 pro-

245 568 322 610 pria,
339 579 440 609 neque
460 578 515 608 per
530 576 642 606 corpus
661 571 780 600 exacta,
798 562 839 592 sic
854 561 1087 603 intelligentiam

245 623 309 642 esse
331 610 441 640 animm
463 607 636 651 propriam:
662 606 806 647 quoniam
825 604 965 635 videlicet
987 603 1089 634 anima

246 652 458 685 intellectualis
473 652 521 688 sit,
533 650 610 681 adeo
623 657 657 680 ut
673 647 873 689 intelligentia
888 647 918 678 in
935 647 1036 678 anima
1051 647 1089 677 sit

246 698 319 734 vita,
333 696 466 737 vitaeque
482 694 591 724 anima²
607 691 777 722 summitas:
796 702 867 732 qua*
883 690 1007 732 quidem
1023 690 1089 732 ipsa

246 748 292 771 est
314 750 385 782 pars
408 737 515 774 nostri,
534 736 659 777 agitque
682 735 712 764 in
737 745 803 771 nos,
821 734 851 763 id
868 741 925 770 est,
939 733 1087 763 rationem

246 783 334 814 nobis
349 781 479 812 maxime
494 778 662 822 propriam,
679 777 756 808 sicut
772 776 942 807 communis
957 775 1089 806 intellec-

246 834 296 857 tus
317 825 381 867 agit
406 824 435 854 in
460 830 610 853 nostrum.
657 821 719 851 Hie
742 827 815 850 nota
830 819 923 849 vitam
944 819 975 849 in
996 818 1088 849 rebus

247 869 362 910 ubique
385 866 494 897 mentis
517 863 709 906 splendorem
732 874 810 906 pene
834 862 978 892 ultimum
1002 873 1085 892 esse:

245 922 395 943 summam
414 921 485 940 vero
501 916 634 938 mentem
655 918 719 937 esse
737 905 869 947 gradum
891 905 963 935 vitae
983 915 1088 947 supre-

244 966 342 985 mum.
389 952 473 983 Hine
489 950 703 994 propheticum
720 949 813 980 illud:
839 948 1031 979 Intellectum
1047 947 1088 977 (Ia

245 998 332 1035 wilzi,
349 1001 377 1027 et
392 997 507 1026 vivam.
554 993 656 1024 Addit
678 992 810 1023 animam
833 998 898 1022 tum
923 1002 978 1033 per
998 989 1087 1020 intel-

246 1040 357 1071 lectum
375 1038 533 1081 proprium
550 1035 730 1078 intelligere,
745 1043 810 1066 tum
828 1046 882 1076 per
893 1044 1086 1064 communem

245 1091 339 1125 atque
362 1081 513 1118 divinum,
537 1079 749 1121 rationemque
764 1077 866 1109 ·anniti
889 1077 928 1107 ad
952 1076 1087 1107 intellec-

245 1134 311 1157 tum
328 1133 480 1162 nostrum,
497 1131 635 1154 nostrum
658 1123 791 1165 denique
814 1120 852 1152 ad
876 1120 1033 1151 divinum:
1059 1126 1090 1150 et

404 160 714 202 COMMENT.
736 158 968 199 MARSIL.
1001 157 1105 197 FIC.
1134 156 1196 195 IN
1224 155 1335 194 LIB.
1359 154 1390 193 I.
1422 152 1560 193 ENN.
1584 151 1806 192 PRIMAE.

1129 267 1297 302 utrumque
1313 258 1438 301 quidem
1460 268 1524 288 esse
1546 256 1642 287 nostri
1663 264 1793 298 partem,
1812 256 1863 286 sed
1887 255 1974 287 aliter

1129 310 1222 345 atque
1245 302 1342 333 aliter.
1388 302 1538 332 Nostrum
1555 299 1680 341 quidem
1698 311 1762 329 esse
1783 299 1877 329 nostri
1900 310 1971 341 par-

1130 353 1202 383 tem,
1214 345 1287 387 quia
1298 342 1528 387 quodammodo
1544 342 1582 373 sit
1596 354 1674 384 apex
1690 342 1814 373 animae:
1832 341 1971 372 divinum

1132 400 1203 418 vero
1218 387 1448 430 quodammodo
1463 385 1560 416 videri
1575 393 1706 427 partem,
1721 385 1866 427 quoniam
1885 384 1974 415 intel-

1130 431 1227 462 lectus
1249 438 1352 461 noster
1372 429 1478 460 divino
1499 436 1644 470 tanquam
1666 428 1774 458 formae
1790 428 1875 458 velut
1890 439 1975 469 quae-

1130 473 1201 504 dam
1228 474 1354 505 materia
1381 472 1535 508 subditur,
1560 482 1677 513 perque
1702 470 1804 513 ipsum
1830 470 1972 512 intelligit

1131 524 1224 559 atque
1239 517 1339 559 ipsum
1353 529 1358 547 :
1384 527 1438 557 per
1453 525 1545 557 quam
1570 525 1640 544 sane
1662 525 1856 544 communem
1872 514 1970 544 omni-

1132 560 1190 590 bus
1211 560 1342 590 formam
1365 558 1537 589 intellectus
1564 556 1687 598 singuli,
1711 556 1766 587 etsi
1792 568 1852 587 non
1879 568 1972 594 unus,

1133 610 1205 633 sunt
1227 610 1328 633 tamen
1351 601 1468 643 aliquid
1486 611 1594 631 unum.
1641 600 1750 641 Atque
1769 599 1811 630 ita
1831 599 1882 630 ille
1902 610 1974 641 pars

1132 645 1227 676 nostri
1251 657 1315 676 esse
1340 645 1461 675 videtur
1486 651 1631 684 tanquam
1658 642 1766 680 forma,
1790 642 1901 680 forma,
1925 642 1972 672 in-

1132 700 1237 730 quam,
1256 688 1367 719 nostris
1389 686 1593 718 intellectibus
1615 685 1763 715 exhibens
1784 697 1848 715 esse
1871 685 1972 727 ipsum

1131 731 1346 768 intellectuale,
1364 730 1597 771 intelligensque
1612 728 1641 758 in
1658 735 1740 758 actu.
1783 729 1858 758 Huc
1875 727 1974 758 tendit

1133 774 1346 816 propheticum
1372 773 1472 804 illud:
1505 773 1663 803 Dominus
1680 782 1762 813 pars
1782 771 1974 801 haereditatis

1131 827 1213 848 meae.
1260 818 1462 858 Quaecunque
1477 815 1507 846 in
1523 815 1582 846 hoe
1598 814 1825 844 Commentario
1850 821 1974 855 praeter-

1132 860 1281 898 misimus,
1306 859 1419 902 partim
1448 870 1503 901 per
1530 870 1560 888 se
1585 857 1651 898 ipsa
1681 864 1785 899 patere
1811 856 1974 898 diligenter

1131 903 1336 933 consideranti
1351 909 1498 944 possunt:
1522 900 1633 943 partim
1655 900 1685 930 in
1709 900 1909 942 sequentibus
1932 900 1975 930 la-

1132 946 1194 976 tius
1209 953 1419 988 exponentur:
1443 944 1554 987 partim
1570 943 1600 973 in
1618 942 1791 986 Theologia
1814 949 1927 979 nostra,
1944 950 1975 973 et

1131 989 1321 1031 argumentis
1336 988 1365 1018 in
1382 995 1481 1019 totum
1500 987 1656 1018 Platonem
1674 986 1738 1028 jam
1760 986 1850 1016 editis
1870 985 1975 1028 expla-

1132 1031 1281 1062 navimus.
1327 1032 1412 1061 Tum
1429 1042 1500 1061 vero
1515 1030 1554 1060 de
1569 1029 1723 1060 intellectu
1740 1028 1896 1071 quomodo
1916 1040 1971 1059 no·

1133 1082 1194 1105 ster
1210 1074 1258 1111 sit,
1275 1082 1305 1105 et
1321 1082 1425 1104 utrum
1442 1074 1480 1104 sit
1496 1084 1566 1115 pars
1582 1071 1687 1109 nostri,
1704 1083 1758 1103 nec
1779 1084 1828 1111 ne,
1844 1071 1874 1102 in
1895 1071 1974 1102 libro

1134 1117 1224 1149 tertio
1238 1117 1405 1148 Enneados
1419 1117 1537 1158 quintae
1551 1126 1722 1157 cognosces.

1703 2752 1973 2790 ΠΛΩΤΙΝΟΥ
