2201 2990
587 289 1105 336 MARSILIUS
1173 289 1560 337 FICINUS

704 393 1028 427 MAGNANIMO
1056 393 1230 428 PETRO
1257 393 1441 427 MEDICI

1066 474 1095 504 S.

884 570 1269 590 4——

259 645 352 678 CUM
379 644 501 677 Idibus
525 644 788 679 Novembribus
810 648 846 680 in
873 658 959 692 agro
983 647 1133 691 Caregio
1157 658 1227 680 una
1250 658 1329 680 cum
1354 647 1489 692 Magno
1511 646 1704 679 Laurentio
1723 645 1859 678 Medice
1886 645 1944 678 de-

209 701 437 741 ambularem,
462 703 644 747 multaque
667 703 826 738 Platonis
853 705 1022 750 mysteria
1048 706 1142 738 ultro
1168 705 1326 749 citroque
1352 706 1687 748 interpretaremur:
1715 704 1826 736 decidi
1854 703 1944 737 forte

209 761 301 793 inter
319 761 531 804 loquendum
552 773 569 794 e
588 762 761 805 sapientia
780 763 815 796 in
834 763 1025 802 fortunam,
1045 764 1203 807 coepique
1227 763 1318 796 hanc
1342 764 1456 796 acrius
1482 764 1662 796 incusare:
1689 762 1783 805 quod
1803 761 1943 794 Platoni

209 819 319 851 lucem
349 818 538 857 affectanti,
559 820 683 852 seculis
703 820 779 863 jam
805 822 926 854 multis
953 821 1140 854 obstiterit.
1193 821 1287 854 Tum
1307 822 1376 860 ille,
1396 821 1491 860 Noli,
1511 821 1636 864 inquit,
1657 819 1806 858 Marsili,
1827 819 1945 852 Plato-

209 888 287 909 nem
308 882 467 910 nostrum
487 877 745 911 infortunatum
766 879 890 917 dicere,
909 879 974 911 nisi
994 879 1113 911 forsan
1132 889 1187 911 me
1206 878 1280 912 fore
1298 884 1400 922 putes
1418 879 1690 912 infortunatum.
1739 878 1941 910 Sermonem

209 934 351 978 quidem
370 939 455 967 tunc
474 940 632 967 nostrum
653 935 708 968 his
726 936 828 968 dietis
847 936 1072 969 absolvimus.
1127 936 1195 969 Sed
1215 937 1386 980 numquid
1407 937 1530 969 mortis
1548 947 1653 969 causa
1671 936 1795 968 deinde
1818 941 1944 968 secuta:

210 991 443 1025 Laurentium
462 992 565 1024 liceat
582 992 842 1026 infortunatum
861 994 1090 1027 existimare?
1119 995 1294 1038 simulque
1314 995 1473 1028 Platonis
1492 995 1670 1028 fortunam
1691 994 1852 1027 funditus
1871 1005 1944 1027 cor-

209 1050 349 1083 ruisse?
394 1050 510 1088 Absit,
530 1055 570 1082 ut
596 1051 754 1082 animum
782 1051 881 1083 illum
910 1052 1027 1084 minus
1054 1051 1189 1084 felicem
1217 1058 1349 1095 putem,
1368 1064 1470 1096 quem
1496 1064 1514 1085 e
1539 1053 1693 1096 corporis
1720 1052 1945 1095 compedibus

209 1109 418 1147 evolantem,
437 1119 529 1140 novo
547 1108 700 1150 quodam
728 1108 901 1150 applausu
925 1109 1029 1141 laetus
1056 1109 1168 1141 aether
1189 1111 1375 1153 exceperit,
1392 1111 1580 1155 grandiore
1607 1111 1708 1143 stella
1732 1110 1768 1142 in
1787 1109 1945 1143 Lauren-

209 1166 305 1198 tiana
323 1170 414 1198 tecta
432 1165 588 1204 cadente,
608 1165 776 1208 mirisque
796 1164 946 1198 flammis
965 1177 1008 1198 ex
1027 1167 1099 1199 alto
1117 1178 1179 1210 per
1196 1167 1390 1212 Careginos
1412 1179 1514 1213 agros
1533 1168 1652 1201 triduo
1670 1168 1944 1200 coruscantibus.

210 1224 277 1256 Sed
297 1223 403 1256 biduo
421 1228 502 1256 ante
520 1223 656 1256 obitum
675 1223 818 1266 Jupiter
835 1223 983 1256 rubente
1002 1223 1158 1257 Dextera
1182 1236 1298 1258 sacras
1317 1225 1496 1269 jaculatus
1521 1236 1628 1263 arces,
1647 1224 1792 1257 Terruit
1811 1225 1945 1263 urbem,

209 1292 291 1314 mox
311 1280 433 1314 orbam
452 1286 552 1314 tanto
570 1286 671 1324 patre
688 1281 869 1314 futuram:
897 1281 1043 1315 Terruit
1062 1283 1191 1321 hostes,
1209 1294 1317 1328 grave
1336 1294 1379 1316 ne
1397 1284 1482 1327 quid
1502 1282 1620 1316 forsan
1645 1282 1813 1314 adversus
1838 1283 1947 1315 invic-

210 1344 282 1372 tam
301 1339 445 1372 domum
465 1339 661 1372 Mcdiceam
680 1340 899 1372 molirentur.
952 1339 1078 1384 Itaque
1098 1352 1160 1373 nec
1179 1341 1394 1374 Laurentius
1418 1341 1532 1379 heros,
1551 1352 1613 1374 nec
1638 1340 1798 1373 heroicus
1818 1339 1946 1373 Petrus

210 1397 396 1430 Laurentii
414 1397 519 1436 filius,
537 1397 582 1430 ob
600 1408 652 1436 ea,
670 1408 751 1441 quae
769 1408 882 1441 nuper
900 1398 1136 1443 contigerunt,
1154 1399 1271 1432 minus
1290 1399 1435 1442 posthac
1453 1399 1538 1432 felix
1556 1403 1609 1432 est
1621 1399 1857 1443 judicandus:
1885 1410 1947 1432 nee

210 1460 397 1499 propterea
424 1455 527 1489 Plato
553 1460 673 1489 noster
698 1455 952 1489 infortunatus.
1010 1456 1122 1501 Cujus
1149 1462 1255 1500 caput
1281 1457 1450 1490 hactenus
1477 1458 1624 1490 salutari
1652 1467 1794 1500 prorsus
1822 1457 1947 1490 umbra

211 1514 301 1547 lauri
320 1514 517 1553 fovebatur,
536 1525 630 1547 nunc
648 1514 752 1557 pedes
765 1514 842 1558 jani
861 1514 1062 1547 firmissima
1081 1519 1180 1557 petra
1198 1515 1372 1548 nituntur.
1427 1515 1590 1548 Plotinus
1610 1515 1760 1557 denique
1785 1514 1946 1547 manibus

212 1583 305 1605 nunc
324 1572 394 1605 tuis
413 1571 665 1616 apprehensus,
683 1572 855 1605 seniorem
875 1572 1009 1605 interea
1028 1571 1212 1605 Platonem
1233 1574 1299 1616 piis
1318 1573 1474 1607 humeris
1498 1572 1720 1610 substinebit,
1740 1577 1842 1615 teque
1860 1573 1946 1606 duce

213 1630 381 1674 producet
400 1630 435 1664 in
454 1631 579 1664 lucem.

942 1678 1099 1709 Invitari.

558 1729 674 1765 More&
691 1727 861 1769 ingenium,
880 1729 996 1766 Musas,
1014 1729 1201 1771 Sopliizeque
1218 1729 1338 1772 sepulta
1354 1738 1397 1760 est

601 1779 688 1810 Laus
705 1779 753 1809 llic
770 1790 838 1809 cuin
857 1780 959 1820 magni
976 1791 1103 1822 corpore
1121 1781 1262 1811 Marsilii.

945 1866 1104 1896 [xer-:stru

559 1917 611 1946 Eu
626 1916 737 1958 hospes
751 1916 800 1946 hic
816 1922 861 1946 cst
880 1916 1038 1946 Marsilius
1055 1917 1170 1959 sopliiae
1187 1926 1273 1959 pater

560 1967 753 1998 Platonicum
772 1967 825 2009 qui
843 1966 966 2008 dogma,
982 1967 1074 2009 culpa
1090 1977 1264 2011 temporum

562 2019 629 2049 Situ
646 2019 805 2055 obrutum,
823 2018 988 2056 illustrans,
1006 2026 1035 2049 et
1052 2020 1194 2050 Atticum
1212 2019 1306 2050 decus

561 2072 692 2101 Sem-ans
708 2070 801 2100 Latio
815 2069 917 2100 dedit:
943 2071 1023 2100 fores
1039 2070 1156 2112 primus
1172 2082 1271 2101 sacras

560 2121 684 2152 Divina¹
700 2121 839 2163 aperiens
856 2121 965 2152 mentis
980 2129 1066 2152 actus
1083 2122 1219 2152 numine.

558 2172 644 2203 Vixit
660 2172 768 2203 beatus
783 2180 853 2202 ante
870 2172 973 2202 Cosmi
991 2184 1118 2202 munere

563 2224 724 2265 Laurique
741 2223 884 2261 Medicis,
902 2235 983 2254 nuuc
999 2224 1108 2254 revixit
1124 2223 1257 2266 publico.

925 2310 1122 2339 PouTiANI.

563 2361 681 2397 Mores,
697 2361 867 2402 ingenium,
885 2361 1006 2397 Musas,
1024 2361 1225 2402 sophiamque
1241 2371 1414 2402 supremam

604 2411 657 2441 Vis
673 2423 735 2441 uno
751 2411 849 2442 dicam
869 2412 1012 2442 nomine?
1038 2411 1204 2442 Mai-silius.

862 2499 1015 2527 Axmzm
1033 2498 1173 2528 ΒΑΜ-11.

564 2546 626 2577 Hic
641 2546 716 2577 situs
731 2555 776 2577 est
792 2548 894 2589 magni
911 2560 1029 2579 sacrum
1047 2548 1099 2590 qui
1116 2548 1229 2589 dogma
1248 2547 1384 2578 Platonis

607 2597 765 2628 Marsilius
782 2599 889 2640 patriae
904 2599 1031 2630 tradidit
1046 2607 1075 2629 et
1093 2599 1195 2629 Latio.

564 2648 704 2679 Exuvias
719 2649 819 2687 tellus,
834 2650 971 2681 coelestes
986 2649 1110 2692 spiritus
1125 2661 1203 2686 oras,

606 2699 688 2730 Diva
704 2700 757 2730 sed
773 2708 803 2731 et
818 2708 929 2732 terram
946 2702 1028 2731 fama
1043 2701 1211 2743 polumque
1228 2709 1318 2731 tenet.
