2201 2990
602 146 665 185 IN
697 145 805 184 LIB.
827 143 899 183 VI.
933 141 1188 180 ENNEAD.
1219 140 1514 179 SECUNDAE.

198 254 409 289 componatur,
439 245 536 288 primo
565 242 687 284 quidem
727 239 938 281 respondetur,
970 249 1028 268 non

199 298 338 332 oportere
361 289 439 319 idem
459 297 582 329 prorsus
604 285 742 318 existere,
767 282 850 324 quod
875 281 1030 312 constitui-

199 340 259 369 tur,
283 341 375 374 atque
396 331 457 367 illa,
481 340 517 360 ex
541 327 654 370 quibus
679 326 791 356 dicitur
817 324 1027 355 constitutum.

200 375 320 406 Deinde
343 385 401 404 non
432 371 541 414 injuria
571 370 651 400 illam
682 368 840 399 essentiam
869 366 1029 402 nominari,

197 430 267 459 quae
292 416 468 448 conficiatur
494 425 531 444 ex
554 420 641 443 ente:
666 411 749 454 quod
773 410 897 452 quidem
921 409 962 439 ibi
989 409 1027 439 sit

197 461 340 502 primum,
358 467 450 500 atque
473 456 656 498 simplicius:
682 454 730 485 cui
754 453 828 484 dum
852 452 1027 494 adjungun-

198 511 248 534 tur
262 510 346 533 actus
362 501 456 543 ipsius
472 500 556 536 varii,
573 510 626 541 per
647 510 724 540 quos
746 495 926 527 differentiae
944 507 1027 537 (11116-

196 545 265 576 dam
295 545 377 575 intus
406 543 616 578 suboriuntur,
644 547 874 571 consummatur
899 538 1028 569 essentia

196 600 255 619 non
271 587 394 630 quidem
418 586 517 629 primo
536 583 697 627 perfectior
719 590 798 621 ente,
814 582 926 613 scilicet
949 593 1025 623 qua-

196 639 284 662 tenus
299 630 426 661 essentia
441 637 484 660 est
498 641 503 659 ι
529 628 643 670 quippe
658 637 754 668 quum
772 626 813 656 ita
825 626 862 656 sit
879 625 1028 667 processio

195 674 336 716 quaedam
361 672 447 710 entis,
464 672 525 702 sive
548 670 688 701 discessio
708 669 827 700 interim
852 669 890 699 ab
912 668 1028 698 unitate

195 717 292 759 prima
307 716 364 753 sui,
380 716 479 758 ipsum
497 725 592 745 unum
616 713 771 756 praecipue
787 712 945 749 referente,
961 723 1030 753 par-

196 760 348 801 tibusque,
364 759 477 801 quibus
497 757 701 798 componitur,
717 762 816 797 egeat,
833 755 855 785 si
875 754 966 784 modo
988 754 1027 785 ibi

194 802 372 844 compositio
400 801 522 844 proprie
550 800 609 831 diei
643 799 747 841 possit.
801 800 961 829 Hactenus
990 798 1029 828 de

194 846 321 876 essentia
337 845 377 876 ita
393 845 430 875 sit
453 844 567 874 dictum
590 843 628 873 ad
652 853 705 873 eus
728 853 887 883 unumque
909 840 1027 871 collata.

194 888 356 926 Quomodo
377 896 477 918 autem
502 886 540 917 ad
559 886 650 917 vitam
673 893 868 927 comparetur
890 890 919 915 et
943 895 1027 914 men-

193 938 265 969 tem,
282 931 352 962 alibi
369 930 598 972 requirendum.

195 1019 266 1050 Quid
277 1020 311 1045 sit
324 1019 432 1055 proprie
448 1020 474 1045 in
485 1018 561 1044 rebus
576 1018 697 1044 essentia.
731 1017 802 1047 Quid
814 1020 945 1052 prcetereu
961 1024 1027 1051 qua-

576 1059 645 1085 litas.

237 1107 283 1136 II.
310 1107 346 1136 In
363 1106 461 1147 capite
478 1105 546 1135 libri
567 1104 712 1141 secundo,
728 1103 804 1146 quid
826 1103 958 1145 qualitas
978 1103 1026 1139 sit,

192 1149 328 1191 inquirit,
345 1157 438 1190 atque
461 1156 563 1179 utrum
581 1148 643 1178 ullo
666 1148 757 1178 modo
779 1146 816 1177 ad
839 1146 1026 1177 essentialem

193 1193 342 1234 pertineat
363 1192 520 1222 rationem.
569 1191 743 1221 Confitetur
763 1197 878 1226 autem,
904 1201 963 1219 non
988 1188 1027 1219 ad

191 1235 349 1266 essentiam
361 1234 535 1276 simpliciter
545 1242 711 1276 acceptam,
720 1233 770 1264 sed
781 1233 819 1263 ad
831 1232 920 1263 talem
931 1243 1029 1262 essen-

194 1278 264 1308 tiam
282 1278 418 1309 attinere.
468 1278 498 1307 Si
522 1277 600 1308 enim
622 1277 748 1307 definias
768 1275 926 1306 essentiam
950 1275 1028 1317 ignis

193 1329 338 1363 tanquam
370 1320 588 1358 calefactivam‚
616 1319 723 1350 merito
747 1320 858 1349 inseres
883 1318 923 1348 ibi
950 1318 1028 1348 calo-

193 1376 275 1395 rem:
301 1364 353 1394 sed
369 1364 449 1394 forte
470 1363 511 1393 ibi
529 1363 611 1394 calor
630 1363 744 1393 interea
767 1362 883 1392 desinet
906 1361 1028 1403 proprie

192 1407 323 1449 qualitas
346 1407 505 1437 nominari.
553 1406 604 1436 Sin
628 1414 730 1436 autem
757 1405 926 1435 absolutam
950 1405 1026 1434 defi-

193 1450 257 1480 nias
273 1450 350 1491 ignis
371 1449 583 1485 substantiam,
600 1461 670 1490 quae
686 1448 885 1479 substantiam
910 1456 1027 1478 antece-

193 1493 237 1523 dit
254 1494 355 1531 talem,
373 1504 432 1522 non
454 1493 611 1522 manifeste
632 1492 805 1533 interpones
826 1491 867 1521 ibi
886 1491 1024 1521 calorem.

194 1536 402 1566 Substantiam
420 1547 491 1566 vero
511 1535 600 1577 ignis,
615 1546 675 1565 non
695 1546 806 1576 corpus
822 1541 941 1565 tantum
963 1545 1026 1564 esse

192 1579 270 1616 vult,
288 1579 339 1610 sed
356 1590 467 1620 corpus
490 1587 571 1609 certa
587 1578 616 1608 in
633 1578 731 1619 specie
750 1577 939 1608 collocatum.
987 1577 1025 1606 In

192 1622 280 1663 cujus
295 1622 418 1664 quidem
432 1621 560 1652 essentia
570 1621 759 1663 przecipuum
773 1620 810 1651 sit
820 1619 1027 1650 substantialis

193 1665 290 1696 forma
304 1665 423 1696 occulta
438 1664 549 1701 sensui,
565 1672 594 1695 et
610 1664 735 1695 occultis
753 1663 881 1705 111-16111111
896 1663 1024 1693 viribus:

193 1708 359 1739 seeundum
374 1720 445 1738 vero
461 1708 498 1738 sit
513 1707 637 1738 materia
652 1719 715 1737 sua.
752 1706 890 1737 Primum
902 1717 973 1736 vero
986 1705 1027 1735 lo-

193 1763 261 1781 cum
286 1759 367 1782 tenet
390 1751 498 1788 forma,
524 1750 667 1792 quoniam
692 1750 757 1780 brec
784 1761 846 1780 rem
873 1749 903 1779 in
927 1749 1025 1791 specie

193 1794 328 1832 collocat,
352 1802 381 1824 et
405 1794 458 1824 dat
484 1805 547 1824 esse
572 1793 724 1824 materiae:
750 1799 837 1823 vocat
861 1804 932 1822 vero
955 1791 1025 1822 sub-

193 1837 360 1867 stantialem
375 1837 503 1867 formam
527 1848 606 1878 saepe
629 1836 677 1866 liic
700 1844 729 1866 et
752 1836 835 1873 alibi,
856 1835 1022 1865 rationem:

194 1879 266 1920 quia
291 1879 321 1910 in
351 1880 456 1921 primis
478 1879 586 1910 rationi
609 1879 699 1910 ideali
729 1878 959 1919 seminaria-que
981 1890 1024 1908 re-

195 1922 333 1963 spondet,
349 1934 464 1964 perque
484 1923 579 1964 ipsam
600 1934 647 1953 res
667 1922 733 1964 ipsa
748 1930 812 1953 tum
833 1921 1023 1963 intelligitur,

196 1972 260 1994 tum
286 1965 437 2007 praecipue
454 1965 609 2002 definitur,
624 1973 654 1996 et
676 1965 749 2007 quia
766 1965 888 2007 proprie
910 1965 1024 1995 ratione

195 2007 397 2048 cognoscitur.
444 2008 562 2049 Tangit
585 2008 698 2038 interea
722 2008 938 2039 nonnullorum
961 2007 1025 2049 opi-

196 2050 314 2080 nionem
330 2050 505 2087 dicentium,
521 2062 591 2092 quae
612 2059 776 2082 occurrunt
798 2051 936 2082 sensibus
951 2062 1026 2092 qua-

197 2093 304 2128 litates,
325 2104 382 2123 non
405 2106 467 2124 esse
487 2094 608 2124 firmum
633 2094 663 2124 in
685 2106 715 2124 se
734 2094 862 2136 aliquid,
883 2093 935 2124 sed
959 2094 1022 2136 ple<

196 2147 327 2177 rumque
343 2136 492 2177 passiones
506 2136 652 2178 quasdam
670 2138 895 2179 suppositorum
910 2137 955 2167 vel
972 2148 1024 2178 op-

196 2178 375 2220 positorum,
399 2178 494 2209 illatas
518 2179 556 2209 ab
585 2180 754 2210 actionibus
780 2179 1023 2210 substantialium

196 2222 361 2251 formarum
375 2221 488 2263 ubique
503 2221 669 2252 latentium.
704 2224 735 2253 A
751 2223 863 2264 quibus
876 2223 1023 2264 quicquid

196 2265 303 2294 emicat
325 2264 444 2294 assidue
466 2264 495 2294 in
516 2265 670 2295 materiam
694 2265 858 2307 propriam,
879 2278 941 2296 esse
966 2266 1026 2296 for-

197 2318 314 2337 marum
337 2307 484 2348 ejusmodi
504 2314 589 2337 actus
611 2316 641 2338 et
663 2308 805 2344 actiones,
824 2316 855 2338 ut
879 2308 971 2346 calor,
996 2317 1025 2339 et

197 2351 298 2380 lumen
323 2350 489 2390 levitasque
509 2350 538 2379 111
560 2350 646 2390 igne:
669 2351 815 2392 quicquid
837 2357 937 2381 autem
955 2351 1025 2382 inde

197 2393 303 2424 transit
321 2392 350 2422 in
372 2392 526 2422 materiam
551 2392 689 2429 alienam,
713 2394 864 2435 passiones
886 2393 1024 2431 existere,

197 2437 273 2467 sicut
290 2436 328 2466 ab
345 2436 414 2477 igne
428 2435 509 2465 calor
520 2435 549 2464 in
563 2447 684 2476 aquam.
723 2436 848 2478 Repetit
864 2435 941 2466 inter
950 2436 1026 2472 11166,

196 2491 267 2521 qua*
280 2479 319 2509 rei
337 2478 431 2520 ipsius
443 2478 600 2508 essentiam
614 2478 779 2508 necessario
794 2478 956 2520 complent,
968 2490 1028 2509 non

197 2522 307 2553 debere
323 2521 382 2551 illic
398 2521 559 2562 qualitates
571 2520 757 2550 denominari
769 2521 830 2551 sive
842 2521 1027 2552 essentialem

197 2565 285 2596 talem
302 2564 484 2606 compleant,
503 2563 579 2594 sicut
599 2563 680 2593 calor
695 2563 852 2593 essentiam
873 2564 1028 2595 calefacto-

197 2609 270 2638 riam
284 2621 288 2638 :
315 2608 377 2637 sive
391 2607 548 2637 essentiam
567 2606 751 2648 simpliciter,
767 2606 844 2637 sicut
861 2606 1030 2637 differentia

198 2650 345 2693 specialis,
357 2650 402 2680 vel
420 2650 517 2692 prima
529 2649 624 2679 virtus
637 2649 665 2679 in
683 2649 752 2690 igne
764 2649 943 2680 antecedens
955 2661 1030 2690 quo-

252 2709 344 2733 VOL.
372 2709 396 2732 I.

1831 154 1903 192 321

1074 248 1134 278 que
1149 235 1289 266 calorem.
1336 235 1514 276 Subiungit,
1528 246 1626 276 neque
1642 235 1841 275 triangulum,
1860 249 1909 268 ne-

1074 291 1134 320 que
1151 277 1424 318 triangularitatem
1442 277 1537 318 ipsam
1557 277 1586 306 in
1605 277 1756 318 triangulo
1776 280 1903 319 qualita-

1075 329 1146 357 tem,
1170 321 1200 351 id
1225 328 1280 358 est,
1295 320 1435 351 accidens
1460 332 1533 357 esse,
1556 320 1607 350 scd
1631 331 1707 350 cera:
1726 320 1771 350 vel
1795 322 1906 353 charta*

1074 364 1291 405 triangularem
1323 363 1397 401 fieri,
1427 362 1583 404 qualitatis
1611 374 1693 392 more
1722 363 1903 403 contingere.

1072 407 1238 438 Concludit
1258 406 1436 448 qualitatem
1459 405 1584 448 proprio
1608 405 1728 435 nomine
1750 403 1903 447 acceptam

1070 451 1246 492 contingere
1261 458 1330 492 post
1350 449 1445 491 ipsam
1468 448 1643 490 simpliciter
1663 449 1821 478 essentiam
1840 449 1903 490 jam

1071 494 1252 530 absolutam,
1270 493 1331 523 sive
1346 493 1477 534 qualitas
1491 491 1666 534 separabilis
1686 491 1756 521 inde
1772 492 1804 521 fit
1832 492 1904 531 [Ed.

1071 549 1119 579 pr.
1136 538 1204 577 sit]‚
1219 537 1280 567 sive
1296 547 1417 567 rursum
1435 534 1653 577 insepambilis.
1700 536 1779 564 Haec
1799 535 1905 564 confir-

1069 580 1143 610 mari
1160 580 1303 610 videntur
1321 591 1358 610 ex
1377 591 1423 616 eo,
1440 578 1523 620 quod
1546 577 1697 618 Tlieologi
1714 577 1852 607 nonnulli
1867 577 1905 607 de

1069 623 1197 654 essentia
1226 623 1395 665 disputant,
1418 621 1464 652 vel
1491 628 1611 657 natura,
1635 632 1726 662 quam
1749 620 1903 650 nominant

1069 667 1284 708 quidditatem,
1321 666 1506 696 rationemve
1536 664 1705 694 formalem.
1765 666 1906 701 Quatuor

1071 722 1150 740 emm
1172 709 1250 740 circa
1273 709 1367 751 ipsam
1392 708 1478 750 signa
1500 707 1709 738 constituunt:
1736 715 1770 737 ut
1793 718 1860 737 eece
1876 707 1905 736 in

1072 753 1171 795 primo
1187 753 1273 794 signo
1289 752 1380 782 homo
1395 760 1439 782 est
1455 750 1564 781 animal
1579 749 1723 780 rationale
1735 757 1902 780 terrenum:

1072 808 1143 838 quae
1167 796 1291 837 quidem
1313 795 1389 825 ratio
1404 794 1538 825 formalis
1554 801 1596 823 est
1619 793 1759 823 bominis.
1806 793 1841 822 In
1860 805 1903 822 se-

1073 839 1175 869 cundo
1203 839 1389 869 adhibentur
1411 837 1482 868 huic
1505 836 1612 867 rationi
1640 836 1815 878 negationes
1841 847 1904 865 om>

1074 882 1168 919 nium,
1182 882 1271 912 etiam
1285 881 1407 923 proprie
1416 880 1677 922 consequentium.
1710 878 1905 920 Negationes,

1073 925 1210 967 inquam,
1241 924 1410 955 rationibus
1438 923 1617 954 formalibus
1654 922 1834 953 innitentes:
1873 930 1904 952 ut

1073 969 1165 999 bomo
1180 980 1280 1010 neque
1302 967 1421 998 risibilis
1441 974 1497 1004 est,
1515 978 1614 1008 neque
1630 977 1689 995 non
1711 964 1841 1002 risibilis,
1858 976 1907 995 ne-

1071 1024 1131 1054 que
1154 1011 1269 1045 docilis,
1287 1022 1385 1053 neque
1407 1021 1466 1040 non
1490 1009 1605 1040 docilis.
1651 1010 1687 1039 In
1710 1008 1798 1039 tertio
1822 1008 1907 1049 signo

1071 1055 1285 1096 adjunguntur
1302 1054 1415 1084 bomini
1431 1053 1631 1095 proprietates
1653 1052 1735 1093 ejus:
1762 1059 1795 1081 ut
1816 1051 1907 1081 bomo

1071 1106 1116 1128 est
1131 1097 1236 1128 docilis
1251 1105 1343 1139 atque
1359 1096 1487 1127 risibilis.
1536 1097 1573 1126 In
1595 1103 1705 1137 quarto
1722 1094 1808 1135 signo
1823 1106 1903 1124 com-

1071 1141 1176 1171 munia
1205 1140 1364 1171 confluunt
1401 1139 1576 1170 accidentia.
1623 1140 1773 1180 Oportem
1803 1146 1904 1168 autem

1071 1192 1141 1215 ante
1163 1183 1337 1214 communia
1351 1195 1414 1213 esse
1439 1182 1603 1223 unicuique
1619 1180 1741 1222 propria
1764 1188 1847 1222 patet
1868 1192 1904 1210 ex

1072 1239 1118 1263 eo,
1144 1227 1227 1268 quod
1259 1226 1382 1257 mobilia
1408 1225 1501 1256 firmis
1530 1224 1696 1255 necessario
1721 1224 1904 1254 innituntur.

1074 1270 1202 1312 Propria
1217 1270 1351 1311 insuper,
1369 1268 1517 1310 siquidem
1534 1269 1622 1309 plura
1638 1267 1706 1304 sint,
1725 1266 1906 1308 rediguntur

1071 1313 1109 1343 ad
1137 1324 1232 1343 111111111
1263 1312 1395 1342 maxime
1419 1310 1588 1353 proprium.
1636 1311 1706 1340 Hoc
1732 1310 1854 1347 iterum,
1883 1309 1905 1339 si

1072 1368 1154 1386 more
1170 1355 1324 1398 qualitatis
1340 1355 1464 1385 adhibet
1480 1366 1543 1384 csse
1560 1353 1619 1383 tale
1635 1353 1680 1383 vel
1698 1352 1767 1387 tale,
1779 1352 1868 1382 etiam
1883 1352 1906 1382 si

1072 1399 1185 1430 tribuat
1215 1399 1246 1429 id
1271 1398 1401 1435 assidue,
1429 1397 1457 1427 in
1489 1396 1717 1427 substantialem
1746 1395 1907 1425 resolvitur

1071 1442 1220 1472 formam:
1246 1454 1316 1483 quae
1339 1449 1483 1482 tanquam
1508 1439 1670 1482 perfectior
1692 1438 1815 1469 exbibet
1839 1438 1907 1468 sim-

1070 1485 1188 1527 pliciter
1203 1497 1274 1515 esse.
1321 1485 1411 1521 Quod
1434 1483 1558 1525 quidem
1582 1482 1733 1512 antecedit
1756 1494 1818 1512 esse
1835 1481 1904 1517 tale,

1070 1528 1147 1559 Sicut
1178 1527 1314 1570 potentia
1333 1527 1399 1569 ipsa
1421 1526 1595 1568 simpliciter
1622 1525 1711 1555 talem
1739 1524 1904 1566 potentiam

1070 1571 1231 1602 antecedit.
1276 1571 1449 1612 Hucusque
1466 1570 1497 1600 fit
1520 1568 1728 1599 comitantium
1754 1567 1784 1597 111
1807 1579 1905 1597 essen-

1071 1614 1141 1645 tiam
1159 1613 1312 1644 resolutio.
1360 1614 1398 1643 In
1423 1613 1487 1655 ipsa
1510 1624 1634 1654 quoque
1650 1610 1788 1647 essentia,
1805 1622 1904 1640 essen-

1071 1657 1148 1688 tialis
1166 1657 1262 1688 virtus
1278 1656 1457 1687 naturaliter
1472 1655 1561 1685 insita
1582 1654 1742 1685 resolvitur
1758 1653 1787 1683 in
1802 1665 1901 1683 essen-

1071 1701 1141 1731 tiam
1155 1713 1160 1730 :
1186 1712 1278 1742 quam
1296 1699 1363 1730 licet
1380 1698 1542 1741 cogitando
1554 1697 1657 1728 virtuti
1674 1708 1850 1739 pra=ponere
1864 1709 1869 1726 :
1888 1708 1904 1726 a

1070 1755 1131 1785 qua
1147 1743 1271 1785 quidem
1288 1743 1401 1773 virtute
1423 1741 1576 1784 passiones
1599 1740 1730 1782 propria*
1753 1740 1902 1770 oriuntur.

1070 1788 1144 1817 Post
1166 1787 1230 1817 lime.
1256 1786 1429 1816 communia
1456 1785 1621 1827 plurimmn
1645 1782 1768 1813 aliunde
1790 1783 1905 1813 eontin-

1068 1837 1154 1871 gunt.

1353 1873 1498 1907 Superiora
1514 1872 1660 1908 cmfirmat.

1112 1922 1180 1952 III.
1206 1922 1309 1963 Caput
1325 1920 1447 1950 tertium
1460 1918 1614 1960 superiora
1629 1918 1797 1952 confirmat,
1812 1925 1905 1958 atque

1068 1964 1233 2000 concludit,
1250 1964 1439 2005 qualitatem,
1457 1962 1633 2003 ubicunque
1649 1961 1697 1996 sit,
1714 1973 1777 1990 esse
1792 1960 1904 2002 passio-

1070 2019 1136 2038 nem
1154 2007 1309 2049 quandam
1327 2005 1453 2047 subjecti
1466 2005 1504 2035 ab
1520 2004 1638 2035 occulta
1653 2003 1785 2045 quadam
1803 2014 1901 2034 essen-

1069 2051 1119 2081 tia*
1136 2050 1317 2091 virtutisque
1333 2048 1498 2079 essentialis
1517 2047 1647 2078 efficacia
1667 2046 1900 2088 dependentem.

1072 2095 1108 2124 In
1125 2093 1197 2134 ipsis
1212 2102 1314 2123 autem
1332 2103 1432 2122 rerum
1449 2090 1584 2121 essentiis
1595 2089 1825 2131 rationibusque
1841 2090 1901 2119 for>

1070 2136 1199 2167 malibus
1215 2136 1280 2166 loco
1296 2135 1477 2177 qualitatum
1492 2146 1555 2164 esse
1567 2133 1751 2164 differentias
1762 2132 1903 2174 speciales

1069 2180 1330 2222 proprietatesspm
1354 2179 1403 2217 (ut
1423 2177 1465 2208 ita.
1487 2176 1608 2218 loquar)
1631 2176 1812 2208 essentiales,
1833 2175 1900 2217 qui-

1070 2223 1126 2253 bus
1150 2222 1262 2264 species
1284 2222 1357 2263 ipsae
1380 2232 1481 2250 rerum
1505 2228 1570 2250 tum
1595 2220 1623 2249 in
1648 2231 1678 2249 se
1702 2219 1773 2260 ipsis
1792 2219 1902 2249 eonsti-

1069 2274 1211 2303 tuuntur,
1228 2272 1292 2295 tum
1309 2264 1348 2294 ab
1370 2263 1435 2294 aliis
1455 2263 1699 2304 distinguuntur.
1744 2263 1822 2299 Quae
1837 2262 1903 2303 qui-

1069 2309 1138 2339 dem
1153 2316 1183 2339 et
1198 2316 1283 2339 actus
1299 2307 1423 2349 quidam
1448 2306 1619 2336 essentiales
1637 2311 1718 2341 sunt,
1736 2305 1902 2346 pra’sertim

1069 2352 1097 2382 111
1121 2351 1256 2382 essentiis
1274 2363 1292 2381 a
1314 2350 1438 2380 materia
1461 2349 1615 2391 separatis.
1662 2348 1839 2389 Subiungit,
1857 2359 1902 2378 ra-

1070 2395 1180 2425 tionem
1198 2394 1293 2436 ipsam
1307 2393 1418 2424 scilicet
1428 2401 1492 2423 tum
1506 2391 1706 2426 seminariam,
1722 2399 1785 2421 tum
1797 2391 1902 2420 forma¹

1069 2437 1276 2468 substantialis
1298 2436 1459 2466 efficaciam
1485 2446 1664 2477 propagare,
1688 2446 1724 2464 ex
1749 2446 1794 2471 eo,
1819 2433 1901 2475 quod

1070 2480 1100 2510 in
1118 2480 1190 2522 ipsis
1211 2488 1255 2510 est
1278 2479 1448 2521 proprium,
1466 2486 1494 2508 et
1519 2478 1604 2508 nobis
1627 2477 1794 2515 oecultum,
1809 2476 1902 2506 mani-

1071 2523 1162 2553 festas
1185 2523 1321 2553 sensibus
1344 2522 1373 2552 111
1402 2521 1559 2563 superficie
1590 2520 1769 2562 qualitates:
1794 2528 1822 2549 et
1850 2518 1899 2548 ubi

1072 2565 1113 2595 ait
1128 2565 1256 2596 calorem
1268 2565 1331 2607 igni
1347 2565 1483 2595 innatum
1499 2575 1557 2594 non
1573 2576 1636 2594 esse
1651 2562 1839 2604 qualitatem,
1850 2560 1900 2590 sed

1070 2608 1197 2649 speciem
1216 2616 1381 2649 actumque
1397 2607 1485 2649 ignis,
1504 2607 1532 2637 in
1557 2606 1661 2648 primis
1677 2605 1810 2645 intellige
1826 2603 1901 2633 ealo-

1071 2662 1144 2686 16111,
1162 2658 1226 2681 111111
1243 2651 1370 2681 formam
1389 2650 1466 2691 ignis
1479 2648 1718 2683 substantialem,
1731 2655 1793 2677 tum
1810 2645 1903 2687 ipsius

1107 2700 1167 2732 ”rt
