2201 2990
934 120 1000 156 DE
1030 120 1267 154 PLOTINO.
1875 122 1961 155 xxix

236 224 313 257 bilis
338 220 547 266 (externus),
565 220 736 263 siquidem
755 219 791 251 in
811 223 926 252 mente
944 220 1038 251 solus
1058 218 1289 263 intelligibilis
1310 217 1467 250 Mundus
1489 218 1662 261 (internus
1682 225 1741 261 m.)
1761 222 1958 254 continetur

237 285 285 325 (1).
304 282 384 317 294«.
404 280 485 315 477.
504 289 554 320 sq.
582 278 663 313 493.
682 278 749 320 sq.)
802 276 893 309 Sunt
913 288 994 310 vero
1019 278 1136 320 plures
1163 276 1372 313 animarum,
1392 286 1469 307 cum
1490 276 1664 307 universae
1692 281 1766 309 tum
1794 278 1957 312 humanae

233 339 371 376 animae,
391 337 494 368 vires.
547 334 667 377 Atque
694 335 754 366 illa
780 335 886 377 prior,
906 346 985 367 cum
1013 336 1055 367 ad
1085 338 1235 367 mentem
1261 333 1489 371 convertitur,
1509 334 1663 376 repletur
1680 334 1755 377 ejus
1778 335 1862 368 ideis
1886 338 1958 369 sive

232 395 364 433 formis,
382 404 469 437 quas
487 393 564 436 ipsa
581 393 617 425 in
637 393 768 425 mundo
786 393 963 435 exprimit.
1017 393 1161 432 Contra,
1179 392 1238 425 ubi
1258 392 1300 424 ad
1321 392 1428 424 alium
1448 395 1582 423 motum
1602 392 1836 435 progreditur,
1855 405 1956 426 suum

231 451 333 485 efficit
351 451 590 489 simulacrum,
608 450 792 494 gignitque
811 461 963 490 sensum,
983 451 1173 490 sensibilia,
1192 448 1392 483 AVatura'M.
1444 448 1513 481 Est
1536 453 1652 481 autem
1678 456 1804 482 natura
1829 455 1863 483 et
1885 452 1959 494 ipsa

230 511 392 555 quaedam
412 509 541 547 anima,
553 513 722 551 tanquam
738 509 913 541 universae
932 509 1060 541 animae.
1079 509 1192 552 proles
1212 519 1250 540 ac
1265 507 1382 545 foetus,
1397 507 1470 539 sive
1489 518 1637 539 summa:
1652 508 1746 540 illius
1764 508 1892 540 animae
1908 510 1960 541 vis

229 567 487 612 quodammodo
505 566 677 599 deficiens.
730 566 913 609 Quidquid
932 567 1024 600 enim
1044 571 1097 599 cst
1114 566 1276 609 deinceps
1304 570 1438 604 natum,
1458 569 1510 597 est
1536 566 1677 598 evoluta
1704 566 1865 609 deinceps
1888 566 1960 599 vita

231 624 470 670 (ἐξελιττομέινη
490 622 551 671 ζωὴ
570 635 603 668 p.
620 627 676 661 29.
692 624 746 667 C.)
765 625 994 669 gei'iitumque
1013 636 1075 668 per
1093 622 1228 668 ἐξέλιξιν
1253 623 1532 668 (evolutionem).
1570 622 1636 662 Ita,
1656 624 1836 656 annitente
1855 628 1959 667 atque

229 695 339 727 usque
355 687 390 716 et
407 694 518 726 usque
535 683 765 715 contendente
785 682 935 722 Natura,
954 688 988 716 et
1007 683 1107 727 quasi
1125 694 1146 716 a
1164 682 1285 715 Mente
1303 693 1338 715 se
1357 682 1577 725 emancipare
1597 682 1744 720 volente,
1764 686 1886 714 natum
1910 686 1961 714 est

235 739 274 775 T
270 752 393 787 empus
412 741 443 782 (ὁ
463 740 594 786 χρόνος)
612 741 705 784 quod
733 745 836 774 antea
862 742 898 774 in
919 741 1000 774 Uno
1027 741 1246 785 consopitum
1273 740 1477 784 quieverat3
1506 751 1548 772 ex
1573 751 1682 783 eoque
1708 744 1806 773 motu
1829 739 1960 772 factum

229 804 291 839 est,
310 804 350 832 ut
376 800 529 832 mundus
556 799 729 832 sensibilis
749 798 915 842 Tempori
939 800 1087 832 serviret
1106 798 1153 843 (p.
1174 797 1256 832 336.
1275 797 1422 843 A—E.)
1477 797 1577 837 Item,
1597 799 1715 831 anima
1742 799 1785 831 ab
1806 798 1886 831 Uno
1904 799 1961 831 de-

228 858 395 891 sciscente
413 861 447 890 et
465 858 680 890 extrinsecus
707 862 872 900 operante
899 869 938 890 ac
965 869 1001 890 se
1027 858 1257 896 diffundente,
1276 861 1359 889 nata
1377 860 1429 889 est
1448 854 1497 888 M
1500 853 1662 895 altitudo,
1682 861 1716 889 et
1735 857 1810 900 ipsa
1829 858 1962 900 paulla-

229 916 292 948 tim
312 916 474 955 evoluta;
504 920 607 948 natus
626 919 678 948 est
697 913 819 948 Locus
842 915 874 959 (ὁ
893 915 1012 958 τόπος)
1036 916 1109 949 sive
1128 914 1314 961 Spatium;
1336 926 1417 959 quae
1436 926 1506 947 11011
1526 925 1606 947 vere
1625 919 1717 954 sunt,
1737 926 1848 958 neque
1867 916 1960 948 0111111

229 973 351 1006 insunt
369 974 404 1006 in
425 974 582 1006 veritatis
602 974 789 1012 domicilio,
804 974 1017 1019 intelligibili
1037 975 1179 1014 mundo,
1199 975 1257 1007 sed
1277 974 1482 1007 obtulerunt
1500 984 1536 1005 se
1554 973 1682 1005 animae
1702 973 1814 1017 magis
1833 974 1961 1018 magis-

228 1042 296 1075 que
315 1031 500 1070 delabenti,
519 1032 619 1075 quasi
639 1032 803 1074 quaedam
821 1033 895 1064 veri
914 1033 1084 1076 imagines
1103 1039 1138 1066 et
1156 1033 1302 1065 umbrre.
1336 1032 1383 1075 (p.
1404 1034 1486 1064 5528.
1506 1029 1604 1073 673.)
1657 1030 1817 1064 Tandem
1838 1031 1897 1064 ubi
1917 1032 1961 1064 ad

228 1094 426 1123 extremum
453 1090 595 1133 delapsa
613 1089 745 1123 Anima
772 1101 914 1133 prorsus
941 1090 1067 1130 deficit,
1086 1096 1120 1124 et
1138 1091 1192 1123 sui
1212 1091 1287 1134 ipsa
1306 1090 1485 1123 dissimilis
1504 1101 1524 1122 a
1542 1090 1742 1134 generando
1768 1089 1962 1123 efficiendo-

228 1159 297 1192 que
323 1152 444 1185 cessat,
464 1148 574 1193 igitur
592 1160 634 1180 ex
654 1148 717 1181 hac
736 1149 835 1192 quasi
855 1149 1095 1182 defetiscentia
1122 1150 1262 1188 animae,
1282 1149 1408 1182 ultima
1433 1148 1591 1181 omnium
1619 1148 1775 1180 nascitur
1794 1146 1962 1181 Blateria

232 1207 264 1249 (ἦ
284 1205 367 1251 ὕλη).
418 1205 463 1238 Ei
484 1206 572 1239 nihil
592 1207 742 1249 amplius
761 1212 929 1250 superest,
949 1208 1042 1251 quod
1062 1207 1105 1240 ab
1123 1207 1205 1240 Uno
1224 1206 1419 1250 profectum
1439 1207 1494 1238 sit.
1547 1205 1615 1238 Est
1633 1207 1724 1238 enim
1746 1207 1891 1239 materia
1910 1208 1962 1250 ip-

228 1276 307 1298 sum
327 1264 546 1297 indefinitum
566 1271 600 1297 et
620 1264 779 1303 informe,
799 1265 886 1298 nihil
907 1265 1037 1298 habens
1057 1265 1229 1303 essentize,
1246 1265 1512 1308 magnitudiniS,
1527 1265 1708 1307 qualitatis
1729 1263 1857 1306 (ἄποιος
1874 1264 1960 1309 ὕλη),

230 1324 325 1361 vitae,
352 1323 450 1362 lueis,
478 1323 566 1355 nihil
594 1323 754 1366 denique,
778 1323 880 1363 boni;
910 1328 1030 1366 estque
1058 1324 1133 1365 ipsa
1159 1323 1245 1356 adeo
1265 1320 1412 1355 Malum,
1439 1323 1689 1366 primigenium
1717 1328 1822 1366 atque
1849 1325 1961 1369 caligo

232 1381 281 1425 (p.
301 1383 358 1418 77.
378 1393 428 1424 sq.
456 1392 488 1424 p.
504 1379 585 1413 166.
604 1392 654 1424 sq.
681 1391 713 1423 p.
730 1379 811 1413 665.
831 1381 897 1424 sq.)
951 1380 1084 1413 Anima
1102 1385 1219 1413 tamen
1238 1380 1281 1413 ab
1300 1381 1479 1413 intellectu
1502 1380 1656 1423 (Mente)
1677 1380 1799 1414 formis
1825 1388 1960 1418 ornata.

228 1439 401 1472 convertit
427 1450 463 1471 se
489 1439 531 1471 ad
560 1439 743 1471 materiam
771 1439 969 1478 informem,
989 1450 1135 1482 eamque
1154 1439 1316 1472 erudiens
1335 1443 1369 1471 et
1387 1438 1509 1471 formis
1535 1439 1738 1482 impertiens
1765 1440 1868 1473 efficit
1894 1442 1959 1474 sibi

228 1508 375 1540 corpus;
404 1497 496 1540 quod
516 1497 662 1539 proinde
680 1497 880 1542 ambiguam
902 1502 1064 1530 naturam
1086 1497 1202 1536 habet,
1217 1501 1390 1540 quatenus
1409 1501 1461 1529 est
1479 1508 1522 1530 ex
1540 1498 1688 1530 materia
1707 1498 1907 1532 desumtum
1927 1505 1960 1532 et

228 1566 248 1588 a
267 1555 393 1588 mentis
411 1555 675 1598 formarumque
693 1556 857 1598 participi
876 1556 993 1588 anima
1013 1555 1253 1588 informatum.

278 1613 364 1646 Inde
390 1613 511 1656 patefit
538 1613 653 1645 aditus
681 1614 724 1645 ad
748 1611 906 1646 Ellticen
935 1613 1079 1652 Plotini,
1107 1614 1180 1646 sive
1207 1614 1250 1646 ad
1278 1613 1472 1646 doctrinam
1501 1614 1679 1646 moralem.
1732 1614 1881 1648 Necesse
1909 1620 1960 1648 est

228 1672 411 1704 materiam
430 1682 513 1704 esse.
542 1670 609 1704 Est
627 1671 718 1704 enim
739 1683 779 1704 ea
797 1683 1010 1715 consequeus
1030 1682 1159 1711 rerum,
1174 1683 1254 1715 quae
1273 1672 1378 1712 fiunt3
1400 1676 1505 1716 atque
1524 1673 1609 1705 adeo
1627 1673 1740 1705 omnis
1759 1675 1958 1713 nascendae,

227 1734 365 1763 naturae
384 1741 571 1773 rerumque
590 1730 805 1762 naturalium
820 1731 920 1774 quasi
939 1730 1017 1762 finis
1036 1741 1075 1762 ac
1093 1731 1264 1763 terminus
1283 1735 1383 1763 extra
1398 1741 1515 1763 veram
1532 1731 1717 1763 essentiam
1737 1732 1958 1765 constitutus.

228 1788 473 1821 Necessarium
498 1793 550 1820 est
573 1788 719 1831 proinde
747 1788 811 1821 hoe
838 1789 970 1821 malum
995 1789 1166 1821 naturale.
1218 1788 1400 1832 Quidquid
1420 1800 1502 1821 vero
1521 1793 1583 1828 est,
1604 1788 1731 1822 bonum
1752 1794 1813 1823 est.
1865 1790 1960 1829 Qua-

227 1851 329 1879 tenus
348 1847 458 1890 igitur
476 1857 497 1878 a
515 1857 583 1879 non
603 1852 681 1879 ente
699 1847 743 1879 ad
761 1858 833 1886 ens,
852 1848 924 1879 sive
949 1847 993 1879 ab
1012 1859 1062 1885 eo,
1082 1847 1173 1889 quod
1195 1857 1278 1879 vera
1304 1847 1455 1879 essentia
1481 1851 1575 1879 caret
1602 1848 1714 1880 aversi
1742 1848 1785 1880 ad
1810 1860 1860 1887 ea,
1879 1860 1959 1892 quae

228 1916 308 1937 vere
326 1909 419 1943 sunt,
438 1916 500 1936 nos
519 1905 755 1937 convertimus
781 1916 819 1937 ae
844 1905 1097 1943 contendinms,
1116 1909 1259 1938 eatenus
1287 1909 1417 1938 rectam
1445 1916 1562 1937 rerum
1589 1906 1770 1949 sequimur
1787 1907 1958 1939 rationem

228 1967 262 1995 et
284 1963 415 1995 divinae
442 1963 509 2007 legi
535 1962 780 1995 satisfacimus.
834 1962 903 1996 Ubi
923 1964 1138 1996 contrarium
1163 1967 1348 2002 sectamur,
1368 1963 1647 1996 obsurdescimus
1667 1964 1710 1996 ad
1730 1975 1860 2004 vocem,
1880 1976 1958 2008 qua*

229 2032 291 2053 nos
310 2021 473 2053 admouet
491 2026 524 2053 et
543 2026 665 2053 avocat
684 2033 703 2053 a
722 2021 880 2053 sensibus
899 2021 1187 2065 sensibiliumque
1212 2033 1327 2054 rerum
1354 2022 1477 2065 specie,
1496 2033 1608 2065 neque
1627 2021 1853 2065 obsequimur
1870 2024 1959 2055 desi-

229 2078 325 2111 derio
344 2078 397 2122 (τῇ
416 2078 541 2124 ἐφέσει)
563 2079 656 2122 quod
675 2080 888 2122 concupiscit
915 2080 964 2112 nil
992 2080 1058 2112 nisi
1086 2091 1263 2112 summum
1292 2080 1422 2112 bonum
1450 2080 1635 2123 consequi:
1663 2085 1697 2113 et
1715 2081 1781 2124 ipsi
1800 2081 1958 2114 descisci-

229 2146 318 2174 muS,
336 2136 497 2175 labimur,
516 2142 550 2169 et
568 2142 688 2170 nostra
706 2138 808 2180 culpa
827 2139 909 2170 mali
929 2138 1148 2171 evadimus*
1195 2138 1319 2181 Neque
1338 2139 1430 2171 enim
1450 2149 1587 2171 neeesse
1605 2145 1656 2171 est
1675 2139 1808 2184 malum
1826 2141 1957 2172 morale

229 2193 376 2225 existere
395 2195 525 2237 pariter
543 2199 648 2238 atque
666 2196 797 2228 malum
818 2197 989 2235 naturale,
1008 2201 1042 2229 et
1060 2196 1156 2229 Deus
1176 2196 1309 2229 homini
1336 2197 1535 2239 impertitus
1562 2202 1614 2229 est
1641 2201 1849 2240 potestatem
1877 2197 1957 2231 boni

229 2251 379 2295 eligendi
404 2256 437 2283 et
463 2253 660 2295 appetendi.
713 2253 792 2292 Quo
813 2254 976 2287 beneficio
1001 2255 1122 2288 divino
1149 2267 1227 2288 cum
1257 2256 1401 2294 utimur,
1421 2255 1521 2288 liberi
1549 2266 1692 2294 sumus,
1721 2256 1892 2299 siquidem
1921 2258 1956 2289 111

230 2309 295 2341 hoe
323 2309 398 2352 ipso
427 2310 595 2343 divinitus
627 2323 798 2344 concessae
828 2313 1010 2354 potcstatis
1040 2324 1106 2346 usu
1134 2313 1305 2346 libertatis
1337 2313 1499 2346 humanae
1527 2314 1730 2357 przcstautia
1759 2315 1958 2347 continetur

231 2368 278 2410 (p.
297 2368 355 2402 73.
376 2368 432 2402 75.
453 2367 590 2401 234.ss
618 2368 699 2402 263.
715 2369 769 2413 C.)
821 2370 903 2403 Jam
925 2376 965 2404 ut
988 2371 1074 2410 hare,
1094 2383 1174 2415 qua:
1199 2372 1317 2415 paullo
1336 2371 1477 2404 uberius
1502 2372 1745 2415 explicuimus,
1766 2383 1955 2415 paucorum

271 2466 285 2479 ἃ
309 2464 442 2491 Ριιῐ1ὼιιῐι
462 2464 581 2492 foi-tasse
599 2466 737 2497 videatur,
754 2467 802 2494 sed
824 2474 918 2495 tamen
941 2479 1066 2505 quorun-
1119 2469 1241 2496 decretis
1266 2469 1379 2499 habeat,
1405 2479 1470 2496 eum
1493 2470 1586 2506 legere
1610 2470 1730 2496 velimus
1754 2470 1856 2496 libros:
1882 2471 1958 2499 Quod

229 2505 295 2532 dam
324 2505 464 2531 lectorum
492 2504 684 2537 intelligenti-e
709 2509 871 2535 consultum
898 2509 942 2540 sit,
971 2510 992 2535 si
1019 2520 1067 2536 cos
1119 2520 1163 2536 ens
1179 2519 1253 2536 unum
1270 2510 1386 2546 idemque
1400 2511 1480 2536 sium!
1493 2515 1573 2537 talum
1590 2515 1638 2541 ess,
1656 2511 1756 2546 abique,
1776 2511 1877 2545 quibus
1894 2510 1954 2535 Ηυ-

230 2555 380 2575 monuero,
398 2546 558 2571 universam
581 2545 653 2571 haue
675 2548 895 2585 Cosmologiam,
912 2550 1062 2586 l’sycholo-
1119 2550 1234 2577 tinianae
1258 2551 1394 2577 doctrinae
1418 2551 1636 2578 fundumentum
1660 2551 1794 2587 aperitur,
1815 2551 1954 2586 prwcipue

229 2586 381 2621 chiamque
406 2592 433 2612 ct
451 2586 582 2612 lithicam
605 2596 621 2611 a
642 2586 752 2613 l'lotiuo
775 2589 941 2624 saepiuscule
965 2590 1067 2617 tralato
1119 2591 1169 2617 VI.
1184 2599 1212 2625 4.
1234 2590 1276 2617 16.
1298 2600 1324 2626 p.
1341 2592 1407 2626 058.
1425 2601 1484 2627 sqq.
1502 2591 1548 2618 ubi
1566 2591 1669 2618 diserte
1686 2591 1770 2618 docet
1786 2591 1844 2617 haec
1860 2591 1955 2616 (1011110

229 2627 315 2653 modo
339 2626 472 2663 explicari
496 2636 545 2662 per
560 2626 706 2653 historiam
724 2627 758 2654 de
773 2629 930 2656 Animarum
945 2631 1067 2656 descensu
1119 2631 1270 2668 allegorice
1286 2631 1389 2658 tradita
1405 2641 1474 2659 esse.

227 2671 254 2693 ct
275 2667 373 2695 reditu.
417 2667 495 2700 Quas
517 2666 666 2704 allegorias
682 2667 730 2702 qui
745 2676 796 2703 pro
811 2670 885 2697 veris
904 2670 1066 2707 philosophi
