2201 2990
654 145 718 184 IN
749 144 858 183 LIB.
884 144 916 182 I.
951 143 1207 183 ENNEAD.
1232 144 1486 183 TERTIAE.

214 244 330 274 senium
348 242 526 285 implevisse.
553 240 648 272 Mitto
664 240 738 282 quid
755 240 794 270 de
811 240 932 270 Phileta
948 244 1048 282 poeta,

214 294 245 317 et
275 287 445 317 Maecenate
478 284 639 326 scripserit,
669 283 847 324 caeterisque
876 283 1047 325 permultis.

213 328 394 359 Aristoteles
409 328 545 369 profecto
561 326 674 362 scribit,
690 326 880 356 Herodicum
893 326 1047 367 quendam

213 371 366 402 literatum
391 371 500 407 virum,
525 369 577 400 sed
600 369 768 400 admodum
790 368 1047 399 valetudinarium

213 414 276 445 sola
300 414 396 444 victus
420 412 577 454 diligentia
600 419 722 443 centum
746 423 842 442 annos
864 411 1046 453 implevisse.

213 459 282 495 Qua
303 456 342 487 de
365 467 396 486 re
412 455 502 486 Plato
524 455 615 486 etiam
639 455 723 485 testis
745 463 790 485 est
812 454 842 484 in
863 454 1045 497 Republica.

213 499 272 529 Sed
289 498 364 540 quid
379 510 458 540 opus
473 505 516 529 est
534 498 686 529 testibus?
718 499 761 528 Et
777 509 831 527 nos
847 497 1047 539 cognovimus

212 541 331 579 similes,
348 548 378 572 et
401 541 492 571 miros
514 541 671 571 medicinae
694 548 723 571 et
744 540 1047 581 dilige11tiaefructus

210 584 321 627 saepius
343 584 460 626 experti
483 596 599 620 311111115,
616 592 709 625 atque
731 595 768 614 ex
787 583 907 614 diversa
922 595 1047 614 consue-

211 627 327 665 tudine,
344 627 533 664 educatione,
549 626 708 668 disciplina
723 626 930 657 diversitatem
952 626 1047 669 pluri-

210 681 290 701 mam
306 670 335 700 in
353 670 530 712 corporibus
545 669 743 711 moribusque
760 677 789 700 et
804 669 934 711 ingeniis
956 671 1047 712 profi-

209 713 289 750 cisci,
305 721 335 744 et
357 713 440 755 quod
460 713 583 755 Physici
606 724 711 743 omnes
733 713 946 754 comprobant,
963 725 1046 744 com-

209 764 330 798 pertum
350 756 497 786 habemus
515 756 544 786 in
568 755 709 798 plurimis
731 755 983 786 consuetudinem
1002 757 1046 799 ip-

208 810 271 829 sam
287 799 411 830 alteram
428 811 491 829 esse
506 806 654 829 naturam.
691 799 955 830 Consuetudinem
973 812 1045 830 vero

207 842 329 879 scimus,
341 853 400 872 non
416 841 548 883 quadam
566 842 697 872 naturali
714 842 892 872 necessitate
907 850 1045 874 constare

207 884 259 915 sed
276 884 322 915 vel
338 884 456 926 legibus
472 884 663 927 publicisque
679 885 826 922 moribus,
840 885 886 916 vel
903 886 1045 928 exemplo

206 935 237 958 et
263 927 421 969 disciplina
450 928 582 970 privata,
608 928 655 958 vel
682 928 807 959 fortuna
832 936 863 959 et
888 929 1044 960 occasione

206 970 350 1011 quadam,
366 971 413 1001 vel
436 971 562 1013 proprio
584 971 718 1013 quodam
742 971 867 1002 consilio
888 971 1044 1013 opinione-

205 1025 265 1055 que
281 1014 451 1056 provenire,
467 1021 521 1045 aut
537 1014 626 1045 etiam
644 1026 681 1045 ex
698 1014 744 1045 his
759 1014 903 1045 omnibus
918 1027 1043 1057 congre-

203 1056 280 1097 gari.
328 1058 416 1099 Saepe
438 1058 513 1099 quin
533 1058 623 1088 etiam
646 1057 837 1088 consuetudo
859 1058 991 1099 regionis
1013 1067 1043 1090 et

204 1100 350 1142 temporis
380 1108 410 1130 et
438 1100 569 1142 alicujus
603 1101 821 1143 praestantioris
854 1101 1042 1143 exemplum,

205 1143 336 1173 musicos
357 1143 429 1174 facit
452 1143 565 1174 multos
588 1151 618 1174 et
640 1148 756 1186 poetas,
772 1145 820 1174 vel
835 1151 980 1183 oratores,
995 1153 1041 1176 at—

204 1197 266 1227 que
288 1186 428 1227 pictores,
446 1187 492 1217 vel
516 1187 606 1218 ctiam
631 1195 788 1218 venatores
811 1187 923 1229 potius‘„
947 1199 1040 1229 quam

204 1236 287 1259 certa
302 1229 454 1260 nativitas.
479 1230 521 1260 Et
532 1230 657 1271 quando
673 1230 815 1261 nativitas
831 1230 963 1267 inchoat,
980 1243 1040 1262 non

205 1279 306 1302 tamen
329 1272 507 1309 absolvitur,
525 1273 579 1303 nisi
597 1284 653 1316 pro
668 1273 814 1304 facultate
837 1274 1039 1312 nascentium,

204 1322 235 1345 et
251 1315 381 1357 regionis
393 1323 422 1345 et
435 1323 617 1357 temporum.
644 1318 733 1359 Saepe
749 1316 887 1347 militaris
899 1317 945 1347 vel
959 1317 1042 1359 regia

204 1357 315 1388 domus
338 1358 447 1389 milites
469 1359 569 1396 efficit,
590 1367 683 1401 atque
706 1371 792 1401 reges
814 1360 927 1401 potiuS,
947 1372 1041 1401 quam

205 1400 355 1432 nativitas.
404 1402 580 1432 Imitatione
606 1403 756 1433 bonorum
787 1403 876 1433 multi
903 1403 1041 1444 quotidie

204 1444 283 1474 fiunt
305 1444 388 1480 boni,
405 1445 475 1475 mali
499 1457 568 1476 vero
592 1445 760 1476 imitatione
783 1446 944 1483 malorum,
961 1458 1039 1487 quo-

203 1498 326 1528 cunque
348 1487 445 1518 sidere
468 1488 529 1518 nati
550 1488 680 1519 fuerint:
706 1489 783 1519 sicut
803 1501 840 1519 ex
860 1490 1041 1531 contagione

204 1541 258 1571 per
274 1541 371 1560 unum
388 1530 475 1561 multi
492 1531 622 1561 subinde
638 1531 795 1573 languent,
813 1543 872 1562 non
890 1540 950 1562 tam
968 1533 1039 1563 stel-

202 1572 248 1610 lis,
262 1584 354 1614 quam
368 1585 484 1604 veneno
496 1574 683 1615 contagionis
696 1575 810 1605 infecti.
835 1575 917 1613 Quid
931 1575 1037 1617 plura?

202 1624 353 1657 quantum
370 1617 463 1658 possit
480 1617 607 1648 facultas
623 1617 754 1660 regionis
769 1625 798 1648 et
813 1618 971 1648 hominum
996 1619 1038 1649 in-

201 1659 331 1695 stitutio,
358 1660 531 1691 declaratur
557 1672 594 1691 ex
621 1673 667 1699 eo,
693 1661 776 1703 quod
808 1661 927 1692 nullum
955 1661 1039 1692 sidus

201 1701 364 1743 piscatores
386 1702 458 1733 facit
478 1711 507 1733 et
528 1711 697 1741 venatores,
715 1704 767 1734 ubi
791 1704 875 1735 nulla
898 1704 1037 1743 facultas,

202 1744 286 1775 nulla
311 1746 502 1776 consuetudo
529 1746 665 1788 piscandi
690 1754 735 1777 est
761 1754 854 1788 atque
881 1748 1034 1778 venandi:

201 1793 295 1829 atque
311 1788 439 1819 vicissim
460 1801 564 1819 omnes
586 1790 681 1820 ferme
704 1790 761 1821 sub
781 1790 918 1832 quolibet
941 1791 1038 1822 sidere

203 1830 265 1861 nati
281 1831 437 1873 piscantur
451 1840 544 1874 atque
560 1840 722 1870 venantur,
739 1833 792 1864 ubi
817 1840 847 1864 et
869 1834 985 1865 occasio
1007 1842 1038 1864 et

204 1884 276 1903 usus
298 1874 329 1904 id
350 1882 379 1905 et
404 1874 571 1916 indigentia
595 1884 730 1918 praestat.
776 1877 908 1914 Quando
930 1884 960 1907 et
984 1877 1037 1908 ubi

202 1925 426 1948 consueverunt
440 1918 576 1949 homines
593 1919 775 1950 animalibus
790 1920 880 1957 vesci,
896 1920 1038 1951 animalia

202 1969 326 2000 prorsus
342 1959 573 1992 innumerabilia
588 1962 725 2003 quotidie
742 1970 812 1993 ante
827 1963 1003 1994 institutum
1018 1975 1037 1994 a

202 2009 313 2032 natura
336 2009 456 2044 tempus
480 2003 713 2036 interimuntur:
739 2014 843 2037 contra
866 2018 948 2044 vero,
971 2006 1036 2037 ani—

203 2044 293 2075 malia
304 2045 409 2075 eadem
425 2055 653 2085 consenescunt,
665 2048 722 2078 sub
737 2060 923 2091 quocunque
939 2049 1037 2081 sidere

203 2095 275 2118 nata
289 2087 438 2118 dicantur.
487 2089 601 2120 Similia
616 2091 653 2121 de
669 2091 795 2132 frugum
811 2104 1036 2135 pomorumque

202 2130 410 2161 devastatione
431 2132 616 2173 contingere,
633 2145 818 2176 quocunque
834 2143 971 2177 tempore
985 2148 1035 2167 co-

201 2172 342 2210 aluerint,
359 2185 415 2216 pro
434 2176 653 2206 consuetudine
675 2176 832 2207 hominum
855 2185 949 2220 atque
972 2178 1038 2209 libi-

201 2216 283 2253 dine,
301 2228 361 2246 non
378 2228 433 2258 pro
448 2218 531 2248 fatali
548 2218 622 2249 serie
637 2219 705 2249 lieet
720 2221 937 2261 argumentari.
972 2222 1036 2253 Ob-

202 2270 289 2289 servo
318 2259 461 2301 equidem
490 2261 627 2302 quotidie
656 2262 799 2292 terminos
833 2271 1036 2307 aspectusque

201 2301 406 2343 planetarum,
434 2302 547 2344 quidve
572 2305 767 2345 portendant,
793 2305 954 2347 diligenter
981 2320 1034 2339 ex-

202 2344 297 2387 ploro.
345 2345 451 2382 Mitto,
467 2346 550 2387 quod
574 2347 603 2376 in
627 2346 675 2377 die
693 2348 743 2386 (ut
762 2347 888 2389 dicitur)
905 2349 1034 2381 infortu-

201 2396 273 2418 nato
289 2400 433 2430 prospera
456 2388 559 2419 multis
581 2390 741 2420 eveniunt:
767 2390 796 2420 in
813 2391 862 2421 die
878 2392 1035 2423 fortunato

200 2431 343 2462 accidunt
366 2431 470 2461 multis
492 2431 633 2462 adversa:
665 2440 695 2462 et
718 2433 855 2474 quolibet
881 2444 1035 2467 momento

200 2482 350 2504 certantes
372 2474 421 2504 alii
444 2474 568 2515 quidem
593 2483 747 2516 superant,
768 2476 817 2506 alii
841 2486 1033 2518 superantur.

202 2517 295 2547 Certe
318 2516 450 2547 infelices
470 2517 691 2558 astrologorum
717 2518 780 2548 dies
805 2530 885 2560 saepe
908 2521 1034 2552 serenis-

201 2559 267 2590 simi
282 2567 352 2590 sunt
368 2568 461 2601 atque
473 2560 677 2602 placidissimi,
694 2560 794 2591 felices
817 2574 897 2603 saepe
919 2572 1034 2594 eontra.

201 2603 272 2644 Ego
288 2614 359 2633 vero
375 2610 520 2644 expertus
536 2614 600 2633 sum
619 2611 683 2633 tum
700 2615 874 2645 corporum,
891 2613 957 2636 tum
973 2607 1036 2637 ani-

200 2656 319 2676 morum
346 2646 508 2687 qualitates
538 2646 640 2688 potius
669 2646 707 2677 acl
737 2647 813 2677 aeris
839 2647 1035 2688 differentias,

255 2704 346 2729 VOL.
370 2705 394 2728 Ι.

1859 162 1937 199 409

1093 251 1186 282 quam
1202 239 1241 269 ad
1259 240 1436 271 differentes
1452 241 1607 271 stellarum
1630 250 1769 284 aspectus
1789 245 1876 275 aliter
1891 254 1934 276 at-

1093 294 1153 324 que
1182 282 1270 312 aliter
1296 283 1385 314 affici.
1433 284 1575 314 Tandem
1603 294 1794 326 compertum
1825 288 1932 326 haheo,

1093 332 1213 355 notatos
1228 325 1421 367 planetarum
1436 327 1562 357 effectus
1578 338 1633 368 pro
1649 327 1822 358 diversitate
1839 331 1935 370 regio-

1093 379 1167 398 num
1190 375 1285 409 atque
1309 369 1467 399 hominum
1489 369 1578 409 longe
1598 369 1773 401 differentes
1795 373 1932 403 evadere.

1094 411 1125 441 Si
1150 411 1255 453 pluvia
1278 412 1489 453 promittatur,
1511 412 1581 443 alibi
1605 412 1730 454 quidem
1754 413 1832 455 pluit
1857 416 1934 445 mul-

1092 462 1170 491 tum,
1184 454 1255 485 alibi
1273 467 1393 497 parum,
1405 455 1476 485 alibi
1494 455 1567 486 nihil
1584 456 1622 486 ad
1635 456 1822 487 differentias
1838 458 1934 499 regio-

1091 509 1177 528 num.
1210 498 1243 528 Si
1259 498 1460 540 designentur
1475 499 1636 529 discordia¹
1653 499 1697 529 vel
1715 499 1866 535 libidines,
1884 501 1932 531 alii

1090 540 1214 583 quidem
1232 541 1270 571 ad
1288 542 1352 572 haee
1370 542 1580 573 vehementius
1602 542 1779 577 incitantur,
1796 543 1845 573 alii
1863 555 1934 574 vero

1091 584 1254 622 remissius,
1269 584 1319 615 alii
1336 584 1475 615 minime:
1495 597 1594 627 neque
1611 592 1731 616 tantum
1748 586 1778 616 id
1796 598 1852 628 pro
1867 599 1931 617 cor-

1090 639 1200 669 porum
1221 628 1351 658 naturali
1368 628 1524 665 varietate,
1541 629 1593 658 sed
1611 628 1701 659 etiam
1726 641 1782 671 pro
1805 637 1932 661 a‘tatum

1090 670 1276 708 diversitate,
1294 671 1354 701 imo
1370 671 1459 702 etiam
1477 683 1533 713 pro
1548 672 1720 702 differentia
1743 672 1933 703 educationis

1090 720 1120 743 et
1135 713 1303 756 disciplina¹
1318 715 1610 757 consuetudiuisque
1631 722 1660 745 ct
1683 715 1848 746 occasionis
1871 716 1931 746 dif-

1088 756 1221 787 ferenter
1246 757 1424 799 contingere
1451 758 1549 789 video.
1595 759 1641 789 Ut
1668 758 1801 800 denique
1829 767 1931 790 certus

1089 799 1156 836 sim,
1173 808 1301 831 eventus
1316 813 1332 831 e
1347 801 1421 831 caelo
1437 801 1632 842 quotidianos
1653 813 1711 831 non
1730 802 1771 832 ita
1792 814 1928 844 prorsus,

1089 843 1167 874 sicut
1181 843 1299 874 caelitus
1311 844 1453 874 destinati
1468 844 1622 882 videntur,
1633 844 1760 886 expleri,
1774 846 1825 875 sed
1842 845 1929 876 aliter

1089 886 1198 927 passim
1226 887 1375 928 aliterque
1402 888 1586 929 contingere.
1639 888 1670 918 Si
1694 888 1770 929 quid
1795 900 1867 919 vero
1889 889 1928 919 ad

1087 929 1249 960 discrimen
1266 930 1415 972 ejusmodi
1434 931 1578 961 momenti
1591 939 1646 968 est,
1658 943 1694 961 ex
1707 931 1774 973 ipso
1787 932 1929 962 nascendi

1088 980 1254 1008 momento,
1270 972 1301 1003 in
1317 985 1380 1015 quo
1395 973 1526 1015 qualitas
1542 986 1557 1004 e
1573 974 1647 1004 ezelo
1669 982 1753 1005 certa
1775 975 1862 1005 nobis
1885 975 1930 1005 (li-

1086 1024 1175 1046 catur
1190 1016 1299 1047 infusa.
1340 1017 1449 1047 Assero
1466 1017 1602 1048 similiter
1617 1017 1698 1047 illam
1717 1029 1776 1047 non
1793 1019 1929 1060 potuisse

1086 1058 1125 1089 ad
1141 1066 1279 1090 exactam
1293 1059 1357 1090 caeli
1374 1071 1510 1090 normam
1528 1060 1711 1090 examussim
1729 1060 1757 1091 in
1776 1062 1863 1092 nobis
1878 1074 1930 1092 ex-

1087 1102 1187 1143 primi,
1204 1102 1320 1144 quippe
1345 1114 1414 1133 cum
1439 1103 1477 1133 ad
1501 1103 1749 1134 confundendam
1775 1104 1852 1135 hanc
1877 1117 1928 1135 ex-

1087 1145 1271 1186 pressionem
1296 1146 1393 1176 multa
1417 1147 1474 1176 sub
1499 1146 1572 1177 caelo
1599 1154 1662 1177 tum
1687 1147 1725 1177 ab
1746 1146 1842 1183 initio,
1860 1154 1927 1178 tum

1085 1188 1234 1229 quotidie,
1250 1189 1406 1231 propriam
1429 1189 1596 1220 adhibeant
1619 1190 1781 1220 efficaciam
1798 1191 1843 1221 vel
1861 1203 1928 1233 pas-

1085 1231 1217 1262 sionem:
1243 1244 1314 1273 quae
1330 1244 1400 1262 sane
1416 1232 1493 1263 sicut
1509 1232 1629 1274 singula
1650 1240 1790 1263 naturam
1813 1234 1928 1265 habent

1085 1273 1176 1316 longe
1191 1286 1208 1305 a
1223 1275 1395 1306 caelestibus
1411 1275 1613 1312 differentem,
1630 1276 1670 1306 sic
1686 1284 1716 1307 et
1730 1284 1842 1308 cuncta
1857 1289 1928 1308 con-

1083 1318 1268 1359 gressionem
1285 1318 1591 1360 progressionemque
1608 1330 1667 1349 non
1684 1320 1809 1350 omnino
1824 1320 1926 1351 creles-

1084 1360 1168 1391 tibus
1183 1361 1343 1392 ordinibus
1358 1369 1590 1401 congruentem.
1637 1362 1809 1393 Confluunt
1832 1363 1927 1405 igitur

1084 1404 1142 1434 sub
1157 1404 1232 1435 caelo
1248 1404 1346 1435 multa
1365 1404 1492 1435 invicem
1518 1416 1598 1446 saepe
1620 1405 1718 1442 aliter,
1735 1418 1829 1447 quam
1849 1407 1926 1438 ordo

1083 1446 1211 1477 caelestis
1226 1447 1418 1478 conciliaret:
1444 1448 1707 1489 quemadmodum
1724 1456 1754 1479 et
1770 1461 1850 1491 saepe
1873 1450 1926 1480 ali-

1084 1497 1130 1520 ter
1151 1491 1261 1521 animae
1285 1490 1445 1521 rationales
1467 1499 1576 1531 agunt,
1601 1503 1693 1532 quam
1722 1504 1841 1523 summa
1865 1493 1925 1524 Dei

1083 1533 1161 1563 ratio
1176 1533 1278 1564 dictet.
1326 1535 1523 1564 Concurrunt
1547 1541 1576 1564 ct
1601 1534 1733 1576 plurima
1747 1535 1925 1577 contingen-

1083 1583 1139 1613 ter,
1151 1576 1235 1607 velut
1249 1576 1450 1618 pulchritudo
1466 1577 1494 1607 in
1513 1577 1634 1607 homine
1651 1577 1739 1608 simul
1755 1586 1849 1619 atque
1865 1579 1925 1609 elo-

1083 1619 1222 1660 quentia:
1247 1619 1365 1650 nullum
1383 1620 1462 1650 enim
1479 1620 1616 1650 ordinem
1634 1620 1697 1650 (luo
1713 1620 1777 1651 haec
1793 1621 1923 1653 invicem

1082 1662 1207 1701 habent,
1231 1674 1269 1693 ex
1292 1674 1355 1704 quo
1378 1670 1473 1705 patet,
1490 1675 1526 1693 ex
1553 1663 1636 1693 nulla
1661 1675 1797 1705 unquam
1821 1664 1923 1696 deter-

1082 1705 1196 1736 minata
1218 1717 1309 1736 causa
1333 1706 1486 1736 confluere
1513 1706 1613 1736 simul.
1660 1707 1709 1737 Ex
1736 1707 1792 1737 hoc
1820 1715 1921 1739 tamen

1081 1760 1231 1779 concursu
1244 1749 1400 1791 persuasio
1410 1749 1504 1791 vulgo
1517 1749 1666 1791 contingit
1680 1750 1812 1780 uberior.
1830 1752 1922 1788 Quod

1080 1791 1207 1833 quidem
1232 1791 1360 1834 pulcher
1384 1792 1476 1822 homo
1503 1792 1551 1829 sit,
1575 1804 1610 1822 ex
1637 1801 1719 1823 certa
1741 1805 1832 1824 causa
1856 1795 1921 1825 fieri

1080 1842 1190 1876 potest.
1244 1836 1322 1865 Item
1349 1835 1433 1876 quod
1460 1835 1616 1877 eloquens,
1645 1847 1682 1865 ex
1709 1848 1800 1866 causa
1826 1845 1919 1873 certa,

1080 1878 1221 1919 quamvis
1236 1878 1305 1908 alia.
1351 1878 1442 1916 Quod
1464 1886 1566 1909 autem
1583 1878 1674 1908 ambo
1689 1879 1749 1909 sint
1765 1879 1865 1918 simul,
1882 1892 1920 1911 ex

1080 1932 1212 1962 quorum
1237 1932 1401 1963 congressu
1424 1921 1520 1951 facilis
1543 1921 1676 1952 nascitur
1699 1923 1866 1964 persuasio,
1882 1935 1920 1954 ex

1080 1963 1165 1995 nulla
1190 1964 1313 1994 videtur
1338 1964 1539 1995 determinata
1566 1976 1657 1995 causa
1683 1965 1759 2002 fieri,
1783 1965 1920 2007 alioquin

1079 2006 1218 2037 ordinem
1243 2007 1391 2038 haberent
1415 2007 1542 2038 invicem
1570 2008 1781 2039 necessarium.
1827 2010 1920 2040 Nunc

1080 2061 1152 2080 vero
1167 2050 1298 2092 pulchro
1313 2050 1422 2081 accidit
1438 2050 1576 2088 fortuito,
1595 2058 1629 2081 ut
1645 2050 1681 2081 sit
1698 2051 1855 2093 eloqumm,
1870 2060 1918 2083 at-

1080 2105 1141 2134 que
1156 2105 1171 2123 e
1187 2105 1348 2124 converso:
1375 2105 1473 2135 neque
1496 2093 1569 2135 quia
1592 2093 1720 2135 pulcher
1741 2101 1795 2125 aut
1818 2095 1917 2133 albus,

1081 2136 1149 2167 ideo
1164 2136 1330 2167 necessario
1346 2136 1501 2178 eloquens,
1520 2148 1619 2178 neque
1634 2136 1774 2168 vicissim.
1823 2139 1919 2170 Hunc

1080 2191 1154 2221 ergo
1169 2179 1342 2221 similesque
1357 2191 1524 2210 concursus
1539 2179 1623 2210 velut
1643 2180 1786 2211 fortuitos
1802 2180 1832 2211 in
1847 2194 1919 2212 cau-

1079 2234 1142 2252 sam
1168 2223 1400 2253 determinatam
1426 2223 1539 2253 referre
1564 2234 1623 2253 non
1649 2231 1743 2265 potes
1790 2224 1917 2255 Falsum

1078 2273 1123 2296 est
1146 2265 1241 2307 igitur
1264 2265 1366 2296 omnia
1386 2277 1423 2296 ex
1444 2265 1646 2296 determinata
1668 2267 1802 2308 quadam
1826 2279 1918 2299 causa

1077 2309 1237 2350 proficisci.
1282 2308 1409 2339 Falsum
1433 2320 1558 2350 quoque
1583 2316 1638 2346 est,
1664 2310 1762 2351 posita
1787 2310 1917 2353 alicujus

1077 2351 1279 2382 determinata
1293 2351 1427 2393 quadam
1443 2363 1545 2389 causa,
1562 2351 1638 2382 illud
1659 2364 1729 2382 mox
1750 2354 1918 2384 necessario

1077 2395 1192 2436 perfici.
1239 2395 1331 2426 Cadit
1354 2394 1432 2425 enim
1450 2406 1487 2425 ex
1504 2395 1631 2425 diversis
1654 2395 1765 2436 passim
1789 2396 1916 2438 impedi-

1078 2445 1216 2468 mentum
1232 2450 1269 2468 ex
1286 2437 1480 2468 inferioribus
1503 2445 1569 2468 tum
1593 2438 1671 2468 inter
1687 2450 1717 2468 se
1733 2438 1788 2469 sibi
1805 2451 1917 2482 repug-

1078 2481 1232 2518 nantibus,
1253 2489 1318 2512 tum
1342 2481 1505 2511 adversum
1528 2480 1659 2512 caelestia
1680 2481 1846 2512 caelestium
1870 2494 1917 2513 or-

1077 2522 1141 2553 dini
1167 2524 1388 2561 resistentibus,
1413 2523 1585 2566 duriusque
1608 2524 1799 2561 cedentibus,
1823 2533 1915 2566 atque

1077 2566 1349 2603 confundentibus,
1366 2574 1431 2598 tum
1448 2579 1519 2598 casu
1536 2567 1663 2597 invicem
1681 2567 1915 2598 confluentibus.

1078 2609 1210 2640 Accedit
1231 2609 1270 2639 ad
1294 2610 1445 2640 naturalia
1466 2610 1681 2651 permutanda,
1697 2617 1758 2640 tam
1779 2609 1916 2639 animalis

1079 2658 1191 2689 motus,
1218 2663 1311 2694 quam
1338 2652 1493 2683 rationalis
1521 2659 1640 2683 naturae
1665 2652 1835 2689 consilium,
1861 2660 1915 2683 aut

1139 2704 1210 2734 3G
