2201 2990
201 170 223 191 x
792 151 1064 186 PRAEFATIO
1091 150 1347 185 EDITORIS.

197 266 277 289 raro
297 254 426 287 diserte
452 254 586 293 laudat,
604 253 630 286 ii
656 252 767 298 igitur
786 263 905 285 omnes
923 256 963 285 ut
982 251 1166 297 sigillatim
1184 250 1326 284 excitati
1352 249 1612 292 adponerentur
1631 255 1940 293 componerentur-

199 324 266 357 que
285 323 363 345 eum
383 311 566 345 sententiis
584 311 691 356 hujus
710 309 922 354 philosophi.
976 309 1109 343 Contra
1126 308 1292 353 putidum
1313 307 1448 347 fuisset,
1467 306 1497 339 si
1520 318 1583 350 per
1601 318 1720 340 omnes
1740 307 1939 347 Enneades,

201 371 295 415 quod
313 370 351 403 in
369 369 485 414 prima
502 369 653 408 institui,
672 368 895 413 singularum
919 367 991 400 fere
1018 367 1272 400 sententiarum
1290 366 1360 398 vim
1380 376 1418 398 ac
1437 369 1600 397 naturam
1620 365 1794 409 explicare
1812 366 1941 398 voluis-

202 439 286 467 sem,
313 427 490 471 praecipue
517 439 596 461 cum
624 427 689 460 hac
715 426 752 458 in
779 430 878 469 parte
906 424 1090 457 Ficiniana
1117 423 1253 463 Versio,
1277 424 1330 456 vel
1357 422 1473 466 potius
1502 422 1735 466 Periphrasis,
1762 423 1938 468 egregiam

203 497 303 529 opem
331 489 487 529 praestet.
541 485 645 524 Quod
669 483 814 517 Ficinus
845 494 926 516 vero
953 481 1192 526 praetermisit,
1219 481 1307 514 illud
1335 480 1422 513 mihi
1452 480 1650 513 faciendum
1677 492 1750 513 esse
1777 481 1874 516 duxi.
1901 486 1940 514 ut

205 543 482 589 Technologiam
500 538 678 587 quandam
696 542 897 575 inchoarem
916 539 1170 573 Alexandrinae
1188 538 1434 582 philosophice,
1452 538 1517 570 hoc
1543 543 1606 575 est,
1626 543 1665 571 ut
1683 550 1782 572 voces
1808 539 1942 573 formu-

204 603 324 645 lasque
351 602 479 634 horum
505 600 795 644 philosophorum
823 598 982 642 proprias
1009 596 1178 641 appositis
1206 595 1416 629 testimoniis
1445 597 1692 639 explanarem;
1720 608 1790 640 quo
1815 597 1858 630 ab
1876 597 1942 630 hac

204 671 343 703 quoque
370 664 469 702 parte
488 658 643 691 Lexicou
664 656 926 690 Platonicorum
954 666 1201 699 praepararem.
1255 654 1357 692 Quod
1382 653 1530 686 subinde
1550 653 1641 685 Novi
1661 653 1880 687 Testamenti
1908 660 1941 687 et

205 717 408 761 frequenter
426 716 646 759 Scriptorum
674 714 986 748 ecclesiasticorum
1005 714 1097 746 locos
1124 711 1282 749 adhibui,
1301 712 1459 743 consulto
1481 710 1558 749 feci,
1577 710 1745 744 nimirum
1765 718 1802 745 ut
1824 712 1944 746 Philo-

207 774 341 818 sophiae
368 773 501 817 pariter
524 778 629 816 atque
649 771 855 817 Theologiae
883 771 1031 804 studiosi
1058 769 1306 814 intelligerent,
1326 773 1540 811 quantopere
1567 773 1691 802 mutuo
1713 782 1749 802 se
1776 771 1943 815 adjuvent

207 833 395 866 Sacrorum
409 831 580 863 librorum
597 830 833 873 Ecclesiaeque
849 828 1062 862 Christianae:
1082 827 1267 870 scriptores
1286 832 1319 859 et
1336 826 1372 859 hi
1391 826 1598 859 recentiores
1616 827 1798 860 Platonici.
1840 827 1942 866 Quod

207 890 337 933 saepius
364 889 432 922 alia
459 888 563 921 etiam
588 887 800 921 deverticula
826 898 902 920 sum
923 890 1086 924 sectatus,
1105 890 1139 918 et
1157 885 1192 917 111
1212 884 1361 917 alioruin
1383 896 1522 927 quoque
1544 884 1754 927 scriptorum
1774 885 1857 919 locis
1880 886 1944 918 im-

207 953 376 986 moratus,
394 947 460 979 hoc
478 950 662 990 propterea
688 945 839 981 institui,
856 949 897 976 ut
916 943 1135 976 severitatem
1157 942 1395 975 Plotinianam
1420 941 1538 985 aliquo
1562 942 1665 975 1110110
1686 943 1941 982 exhilararem;

207 1017 319 1049 neque
337 1017 402 1050 ego
420 1005 485 1037 hoc
504 1003 644 1036 nomine
663 1002 860 1035 tristiorum
883 1001 1069 1044 supercilia
1091 1000 1252 1044 judicum
1278 1000 1476 1032 extimesco.
1529 999 1751 1033 Condonaret
1770 1000 1844 1044 ipse
1864 1001 1943 1034 Plo-

207 1064 315 1102 tinus,
334 1062 395 1106 qui
414 1062 450 1095 in
469 1072 606 1094 summa
625 1071 763 1092 morum
781 1058 954 1103 gravitate
972 1057 1085 1090 facilis
1104 1057 1212 1089 fuisse
1231 1056 1393 1089 traditur.

259 1120 376 1165 Magis
404 1118 491 1151 mihi
519 1116 770 1150 succensebunt
795 1115 927 1147 Plotini
956 1114 1185 1147 admiratores
1212 1120 1465 1157 amatoresque,
1488 1115 1580 1158 quod
1608 1114 1644 1147 111
1670 1115 1944 1161 Prolegomenis.

210 1175 534 1211 Introductionilms
562 1180 595 1208 et
615 1172 887 1207 Commentariis
915 1183 983 1204 non
1012 1171 1077 1204 sim
1098 1173 1350 1205 verecumlatus
1378 1183 1656 1215 eorumquoque
1682 1173 1864 1207 hominum
1887 1176 1946 1220 ju-

209 1235 298 1269 dicia
318 1245 522 1272 memorare,
538 1232 598 1277 qui
618 1233 671 1265 vel
690 1231 841 1275 impares
860 1229 1021 1263 censendi
1041 1229 1110 1262 siut
1131 1229 1182 1262 illi
1202 1229 1411 1273 philosopho
1425 1228 1629 1273 judicando,
1644 1231 1695 1262 vel
1715 1231 1944 1275 pmejudicata

209 1293 373 1338 opinione
398 1291 560 1325 occaecati
580 1291 669 1323 hanc
687 1289 887 1322 universam
907 1287 1230 1320 Alexandrinorum
1251 1286 1510 1330 pllilowphiam
1531 1286 1683 1330 ejiciant.
1736 1288 1868 1322 Contra
1892 1302 1946 1323 me

209 1350 438 1389 excusabunt,
457 1348 519 1392 qui
546 1347 689 1381 editoris
717 1345 989 1390 interpretisque
1017 1345 1128 1378 officia
1154 1344 1330 1377 aestimare
1354 1344 1488 1383 sciantg
1518 1349 1639 1387 utpote
1665 1345 1721 1378 1·111
1746 1347 1834 1379 nihil
1857 1348 1947 1381 anti-

210 1409 314 1453 quius
346 1419 419 1441 esse
451 1407 586 1445 debeat,
613 1417 719 1449 quam
748 1410 786 1438 ut
819 1404 863 1437 ab
891 1403 986 1436 omni
1018 1402 1172 1446 partium
1201 1402 1317 1434 studio
1344 1413 1449 1445 quam
1478 1401 1711 1435 alienissimus
1740 1405 1946 1447 reperiatur.

211 1466 314 1506 Quod
342 1465 491 1498 liberum
518 1464 598 1502 fuit,
616 1463 693 1501 feci,
713 1462 881 1495 nimirum
909 1466 947 1494 ut
975 1460 1191 1494 calumniosa
1218 1465 1278 1492 aut
1304 1459 1422 1502 inepta
1446 1459 1645 1492 istiusmodi
1669 1460 1762 1494 dicta
1787 1473 1948 1497 nonnun—

212 1535 318 1569 quam
337 1523 491 1556 modeste
511 1526 679 1554 notarem.

262 1582 439 1625 Superest,
458 1584 498 1612 ut
522 1590 621 1623 opem
648 1578 827 1622 officiaque
852 1589 1131 1616 commemorem,
1150 1588 1230 1621 quie
1255 1575 1340 1609 mihi
1368 1575 1404 1608 111
1424 1575 1489 1608 hoc
1507 1586 1610 1618 opere
1634 1575 1851 1611 instituendo
1875 1579 1948 1611 exi-

212 1641 395 1686 gendoque
420 1637 664 1682 proestiteruut
683 1636 749 1668 viri
776 1635 876 1668 amici
905 1641 939 1668 et
963 1635 1103 1668 eruditi.
1158 1635 1210 1667 De
1237 1631 1508 1677 Ilstsllenlmchio
1532 1644 1637 1676 supra
1664 1634 1748 1666 dixi.
1803 1634 1948 1669 illo-veri

213 1697 324 1731 nostri
343 1708 423 1741 qua}
450 1700 567 1739 partes
594 1694 630 1726 111
655 1694 720 1726 1101·
745 1692 886 1737 negotio
905 1693 1048 1729 fuerint,
1069 1693 1226 1736 loquitur
1245 1691 1381 1724 titulus.
1436 1690 1559 1734 Neque
1578 1695 1695 1723 tamen
1714 1691 1804 1725 hane
1822 1704 1948 1737 oppor-

213 1756 403 1790 tunitatem
422 1753 612 1791 dimittam,
626 1752 712 1796 quin
732 1763 811 1784 cum
831 1751 933 1783 laude
953 1751 1152 1794 praedieem.
1168 1761 1259 1785 eum,
1274 1749 1366 1792 quod
1382 1760 1402 1781 a
1417 1748 1479 1781 tali
1494 1748 1569 1780 viro
1587 1750 1779 1791 exspectari
1799 1756 1946 1793 poterat,

214 1814 250 1847 111
278 1812 469 1858 digerenda
494 1810 591 1843 varia
618 1809 765 1843 lectione
792 1809 937 1841 eandem
967 1808 1097 1851 sa2pius
1126 1813 1217 1840 recte
1239 1806 1428 1851 judicasse,
1455 1811 1490 1838 et
1518 1806 1753 1839 Annotationi
1779 1810 1948 1842 nonnulla

214 1871 392 1916 adjecisse,
407 1881 487 1913 quae
506 1867 666 1901 cancellis
685 1867 819 1900 inclusa
837 1871 931 1905 sunt,
946 1865 1148 1898 universum
1163 1865 1313 1908 denique
1332 1865 1530 1907 exemplum
1546 1874 1623 1896 mea
1641 1875 1747 1897 manu
1766 1865 1947 1909 seriptum,

214 1930 307 1974 quod
326 1927 412 1961 mihi
433 1931 647 1960 reservatum
668 1925 836 1963 volebam,
850 1929 1013 1957 accurato
1031 1929 1065 1956 et
1084 1924 1261 1956 luculento
1279 1922 1478 1955 charactere
1496 1921 1695 1954 litterarum
1714 1923 1948 1966 descripsisse,

215 1999 285 2032 quo
309 1985 573 2030 typothetarum
603 1995 709 2027 opera
736 1981 933 2025 expeditior
958 1982 1066 2014 fieret.
1119 1981 1161 2014 In
1189 1980 1296 2023 copiis
1324 1978 1566 2022 comparandis
1594 1990 1648 2011 me
1675 1980 1886 2024 adjuverunt
1911 1982 1947 2018 ii,

216 2055 365 2089 quorum
391 2042 534 2075 nomina
559 2041 669 2074 Index
687 2040 893 2083 Apparatus
918 2039 1030 2072 critici
1054 2044 1088 2071 et
1109 2038 1361 2083 Prolegomena
1386 2036 1524 2069 habent.
1577 2034 1777 2070 Dissenius
1795 2038 1948 2083 insuper,

218 2100 483 2146 Israhingerns
506 2105 539 2132 et
563 2097 752 2131 Salumias
775 2097 979 2131 Graecorum
1004 2096 1236 2139 interpretum
1263 2096 1315 2127 vel
1339 2094 1670 2137 mamiscriptoruim
1690 2096 1741 2127 vel
1765 2095 1950 2139 impresso-

217 2172 308 2200 rum,
327 2161 419 2192 locos
437 2169 501 2191 sua
519 2168 623 2200 opera
642 2167 758 2189 meum
778 2155 815 2188 in
832 2166 936 2187 usum
955 2158 1135 2197 excerptos
1154 2152 1241 2185 mihi
1261 2152 1538 2195 impertiverunt.

267 2218 371 2257 Quod
389 2216 564 2259 reliquum
583 2219 645 2254 est,
664 2213 753 2247 faxit
772 2213 879 2251 Deus,
897 2223 967 2255 quo
985 2216 1161 2244 annuente
1179 2210 1243 2242 hoe
1263 2221 1348 2252 opus
1376 2209 1538 2252 perficere
1565 2209 1652 2242 mihi
1678 2211 1836 2257 contigit,
1856 2218 1895 2245 ut
1913 2213 1948 2246 id

220 2278 335 2321 ipsum
354 2286 446 2307 verae
464 2271 658 2317 sapientiae‚
677 2283 757 2315 quae
775 2270 894 2303 divina
913 2274 975 2307 est,
995 2269 1111 2302 studio
1130 2268 1366 2312 promovendo
1384 2267 1549 2300 conferat.

482 2369 657 2400 Seribebam
677 2367 894 2407 Heidelbergae

263 2424 292 2455 d.
312 2421 446 2453 XVIII.
464 2431 559 2451 mcnS.
577 2419 740 2450 Decembr.
757 2430 784 2448 a.
803 2417 1107 2448 MDCCCXXIX.
