2201 2990
251 162 406 196 cxxxviii
746 159 922 194 THEOP
928 159 1156 194 HYLACTI
1184 159 1493 194 SIMOCATTAE

255 312 520 359 NOLUMUS
546 326 724 358 luculento
749 324 832 358 huic
856 325 899 358 de
917 324 1003 358 Vita
1029 323 1160 357 Plotini
1186 323 1438 359 commentario
1457 323 1705 368 porphyriano
1730 324 1767 358 h.
1786 326 1809 359 1.
1837 326 1987 372 adjicere

253 384 480 417 adumbratas
505 384 549 417 ad
572 383 673 416 illum
692 382 862 426 Eunapii,
881 382 1001 416 Suidae
1020 381 1260 425 Eudociaeque
1284 380 1442 420 notitias,
1461 381 1628 425 quoniam
1652 382 1805 425 plurima
1823 395 1867 417 ex
1884 384 1928 418 iis
1950 384 1988 418 in

252 442 471 485 praecedente
498 440 725 475 annotatione
744 451 823 473 cum
843 439 1036 484 Porphyrii
1054 439 1168 473 verbis
1193 438 1446 482 sententiisque
1466 439 1541 483 jam
1561 444 1764 483 comparata
1787 446 1891 475 sunt:
1918 442 1988 476 alia

253 499 408 532 indidem
433 499 616 532 Fabricius
641 498 678 530 in
702 498 933 532 Bibliothecae
956 498 1092 532 Graecae
1118 499 1204 536 loco,
1227 508 1331 540 quem
1358 508 1379 529 a
1405 496 1505 529 nobis
1532 501 1675 530 auctum
1701 498 1925 543 subjecimus,
1944 501 1987 534 de

254 557 395 590 Plotino
413 561 577 600 excerpta
596 554 762 599 prodidit.
816 555 935 589 Satius
954 556 1068 589 visum
1087 561 1139 589 est
1158 556 1212 588 his
1234 555 1361 588 addere
1385 555 1569 598 epistolam
1594 552 1855 601 Theophylaeti
1872 556 1988 592 Simo-

252 619 367 655 eattae,
381 627 460 648 cum
479 614 562 658 quia
581 615 721 658 elegans
740 618 804 653 est,
823 618 899 646 tum
919 613 1003 658 quia
1020 615 1227 657 praeclaram
1246 612 1538 659 significationem
1559 612 1665 646 habet
1681 614 1838 655 laudum,
1857 615 1985 659 quibus

251 674 367 707 seculo
386 677 465 716 post
484 672 568 705 Chr.
584 671 630 704 N.
650 670 800 715 septimo
821 671 980 704 floruerit
1004 671 1227 715 philosophia
1246 670 1459 704 Plotiniana.
1512 669 1802 705 Emendatiorem
1826 684 1903 707 eam
1927 685 1987 708 ex-

250 730 412 764 hibemus
444 741 508 774 ope
539 729 649 762 trium
682 729 852 768 codicum,
879 730 1030 762 duorum
1058 729 1303 763 Palatinorum
1334 740 1427 762 nunc
1457 739 1579 762 rursus
1608 728 1960 775 Heidelbergensium
1977 742 1985 766 Ξ

250 800 302 821 nr.
324 790 406 821 155.
427 787 503 831 (A.)
529 792 563 820 et
590 798 642 819 nr.
663 785 745 819 356.
766 787 838 830 (Β.)
859 787 1013 831 itemque
1032 786 1444 821 Vaticano—Urbinatis
1471 798 1524 819 nr.
1545 788 1626 819 134.
1645 798 1750 831 quem
1769 792 1930 822 nostrum
1947 789 1985 823 in

251 857 354 879 usum
373 844 555 889 descripsit
575 844 620 878 V.
633 844 687 878 Cl.
705 844 947 889 Hieronymus
965 845 1143 878 Amatius.
1180 844 1421 878 Adhibuimus
1439 844 1628 878 editionem
1650 844 1985 892 Heidelbergensem

249 904 270 936 J
274 903 332 937 ani
348 902 492 936 Gruteri
512 914 566 946 ap.
580 902 787 936 Commelin.
803 914 834 936 a.
850 905 956 940 1598.
971 907 1007 936 et
1021 902 1202 946 Epistolas
1218 902 1440 936 Graecanicas
1458 907 1612 942 mutuas,
1626 902 1786 938 Aureliae
1800 902 1984 951 Allobrog.

249 973 279 994 a.
301 959 406 994 1606.

249 1063 463 1103 Θεοφυλάκτου
479 1065 681 1103 σχολαστικοῦ
695 1065 746 1094 τοῦ
759 1062 922 1101 Σιμοκάτου
939 1064 1093 1094 ἐπιστολαὶ
1159 1062 1388 1105 Theophylacti
1411 1063 1588 1094 Scholastici
1614 1064 1790 1095 Sitnocattae
1811 1064 1962 1107 Epistola*

411 1115 516 1152 ἠθικαὶ,
534 1115 697 1154 ἆγροικικιιὶ
714 1115 759 1145 καὶ
777 1115 926 1153 ἑταιρικαί.
1293 1114 1413 1152 ethicze,
1428 1115 1592 1145 rusticanae
1607 1123 1637 1145 et
1652 1115 1819 1146 amatoriae.

485 1190 521 1221 a'.
548 1192 665 1230 Κριτίας
682 1192 856 1232 Πλωτίνῳῡ.
1401 1200 1426 1221 1.
1454 1189 1567 1221 Critias
1586 1189 1720 1221 Plotino.

289 1250 326 1281 ‘O
343 1250 436 1288 τέττιξ
452 1251 466 1280 ὁ
482 1250 621 1288 μουσικὸς
636 1250 704 1289 ἦρος
720 1250 866 1290 φανέντος
881 1252 930 1287 τῆς
949 1251 1093 1291 μελῳδίας
1181 1248 1296 1279 Cicada
1312 1249 1439 1285 musica,
1457 1249 1584 1279 simulac
1601 1261 1653 1279 ver
1668 1249 1857 1291 apparuerit,
1874 1251 1982 1282 modu-

248 1301 419 1341 ἀπάρχεται·
438 1301 614 1343 ᾧὸικώτερος
630 1303 659 1331 δὲ
674 1305 733 1333 τοῖς
749 1301 862 1341 ᾄσμασι
879 1302 924 1331 καὶ
935 1301 988 1339 τὴν
1000 1302 1092 1340 φύσιν
1136 1298 1279 1330 lationem
1303 1299 1490 1341 auspicatur.
1539 1300 1643 1342 Magis
1664 1308 1766 1331 autem
1783 1313 1896 1332 canora
1913 1314 1983 1333 can-

248 1354 425 1392 λαλίστερος
450 1354 509 1394 ὥρᾳ
534 1353 718 1391 μεσημβρίας
744 1352 941 1392 γνωρίζεταιῡ,
968 1353 1092 1382 ἀκτίνων
1136 1350 1271 1380 tionibus
1293 1359 1324 1380 et
1345 1359 1455 1381 natura
1477 1351 1633 1393 loquacior
1648 1352 1799 1394 reperitur
1814 1353 1983 1385 meiidiano

248 1405 347 1443 ὥσπερ
362 1404 491 1442 ἡλιακῶν
506 1405 751 1442 μεθυσκόμενυςῑ.
775 1404 910 1443 τερετίζει
926 1405 997 1442 γοῦν
1013 1404 1028 1433 ὁ
1043 1416 1092 1441 με-
1136 1409 1283 1443 tempore,
1301 1401 1394 1432 radiis
1409 1401 1559 1432 solaribus
1574 1403 1662 1444 quasi
1678 1403 1835 1434 inebriata.
1867 1404 1982 1436 Fritin-

247 1455 347 1496 λῳὸὸς,
368 1457 450 1493 βῆμα
473 1459 505 1485 τὸ
529 1455 650 1494 δένδρον
672 1456 853 1494 ποιούμενος,
875 1453 1019 1493 Θέωρον(1
1041 1454 1092 1484 τὸν
1136 1455 1181 1484 nit
1202 1454 1297 1495 igitur
1315 1453 1366 1484 illa
1387 1454 1518 1491 meloda,
1535 1454 1675 1485 arborem
1696 1454 1812 1486 habens
1833 1467 1890 1498 pro
1910 1467 1981 1498 sug-

286 1559 300 1573 a
322 1555 500 1588 Θεοφιλάκτου
516 1553 569 1581 Ed.
585 1554 683 1581 Aurel.
699 1554 811 1581 vitiose.
853 1554 1009 1589 'Aypmmxal
1031 1555 1058 1580 δέ
1078 1553 1215 1589 Ἐτιιιρικιιὶ
1231 1553 1330 1581 eadem
1353 1563 1412 1581 non
1434 1554 1547 1581 melius.
1591 1554 1663 1581 Cod.
1679 1554 1746 1581 Vat.
1763 1554 1903 1582 Urbinas:
1927 1556 1980 1582 ἐπι-

247 1596 341 1620 στολαὶ
355 1594 436 1628 ἠθικαὶ
451 1596 570 1629 ἑταιρικιιὶ
585 1596 666 1622 καθὼς
680 1596 711 1621 τὰ
727 1597 843 1628 στοιχεῖα
857 1596 939 1620 αι’-τῶν
953 1595 1074 1626 δηλώσει.
1108 1594 1175 1621 Mox
1194 1594 1280 1621 Editt.
1298 1594 1431 1621 Heidelb.
1449 1601 1477 1621 et
1492 1595 1588 1622 Aurei.
1603 1594 1705 1628 Ἠθικὴ.
1729 1596 1831 1630 Κριτίας
1846 1597 1977 1633 Πλωτίνῳ.

247 1635 318 1662 s'od.
336 1635 424 1661 Palat.
442 1635 473 1662 B.
491 1636 618 1671 Πλατίνῳ·
640 1635 710 1662 vitio
729 1635 805 1662 hand
827 1635 1013 1670 infrequenti.
1057 1635 1123 1662 Vid.
1144 1641 1242 1662 annot.
1265 1642 1354 1661 nostr.
1378 1635 1412 1662 ad
1435 1635 1549 1662 initium
1566 1635 1714 1672 Porphyrii
1729 1635 1764 1662 de
1780 1635 1848 1663 Vita
1862 1636 1977 1664 Plotini.

248 1676 317 1702 Haec
333 1675 408 1702 enim
425 1676 452 1702 in
470 1675 557 1702 futuri
575 1676 690 1703 editoris
705 1676 825 1713 gratiam
842 1676 938 1712 paullo
955 1675 1115 1702 accuratius
1137 1682 1255 1702 enotare
1271 1675 1357 1702 volui.
1400 1675 1443 1702 De
1465 1676 1582 1703 homine
1605 1682 1633 1703 et
1655 1676 1826 1713 cognomine
1841 1678 1979 1711 Σιμοκάτης

246 1726 267 1743 s.
285 1718 421 1750 Σιμόκιιτος
436 1716 493 1743 vid.
510 1716 620 1744 Fabric.
637 1722 665 1743 et
682 1716 794 1743 llarles.
811 1716 838 1743 in
859 1716 931 1743 ssibl.
949 1716 998 1742 (ir.
1016 1716 1081 1742 Vol.
1096 1716 1158 1742 VH.
1175 1726 1202 1752 p.
1217 1717 1284 1751 582.
1301 1726 1363 1752 sqq.
1407 1716 1482 1743 Fons
1498 1722 1595 1743 autem
1611 1716 1737 1753 epistolae
1758 1722 1800 1743 est
1820 1716 1848 1743 in
1869 1717 1917 1744 illa
1935 1717 1976 1744 fa-

247 1757 312 1783 bula
328 1757 453 1783 Platonis
470 1757 497 1783 in
514 1757 632 1783 Phaedro
647 1757 682 1784 de
698 1757 862 1783 hominibus
878 1757 905 1783 in
922 1756 1034 1783 cicadas
1057 1757 1173 1783 mutatis
1189 1766 1215 1792 p.
1233 1765 1297 1791 259.
1311 1756 1395 1783 a-d,
1411 1757 1553 1793 praecipue
1573 1757 1621 1783 ubi
1642 1756 1746 1784 cicadae
1768 1763 1833 1793 post
1854 1763 1976 1785 mortem

245 1797 278 1824 ad
295 1797 394 1824 Musas
416 1797 551 1824 dicuntur
572 1797 711 1833 proficisci
736 1798 826 1833 iisque
850 1797 1026 1827 renuntiare,
1043 1806 1129 1832 quam
1153 1797 1215 1832 quis
1238 1797 1386 1823 hominum
1406 1797 1521 1824 Musam
1542 1797 1589 1824 hic
1611 1797 1734 1824 maxime
1757 1797 1852 1824 colere
1875 1798 1974 1825 soleat.

246 1837 329 1864 Unde
345 1838 405 1865 haec
420 1838 447 1864 in
464 1838 563 1873 primis
578 1838 612 1864 ad
631 1837 769 1874 Epistola}
785 1838 868 1874 hujus
883 1843 1085 1873 argumentum
1102 1837 1227 1864 tenenda
1242 1844 1308 1863 sunt
1324 1847 1349 1873 p.
1361 1838 1410 1864 66.
1427 1837 1533 1865 Bekk.:
1555 1840 1586 1870 τῇ
1601 1838 1628 1863 δέ
1642 1838 1817 1872 πρεσβυτάτῃ,
1831 1840 1975 1872 Καλλιόπη,

245 1879 283 1903 καὶ
304 1880 334 1910 τῇ
356 1878 410 1911 μετ’
426 1879 503 1911 αὐτὴν
518 1879 628 1913 Οὐρανία
650 1879 708 1905 τοίς
730 1880 756 1904 ἐν
771 1879 920 1912 φιλοσοφίᾳ
943 1879 1076 1913 &dyona-tic
1090 1889 1118 1904 τε
1133 1879 1172 1903 καὶ
1186 1880 1310 1911 τιμῶντας
1324 1878 1369 1911 τὴν
1384 1878 1483 1904 ἐκείνων
1496 1878 1620 1912 μουσικὴν
1634 1877 1817 1913 ἀγγέλλουσιν,
1832 1879 1857 1904 αἱ
1875 1879 1906 1912 δὴ
1926 1881 1974 1912 μά-

244 1920 322 1944 λιστα
336 1922 386 1944 τῶν
402 1921 514 1945 Μουσῶν
527 1920 586 1953 περί
599 1930 626 1944 τε
641 1920 748 1954 οὐρανὸν
761 1920 801 1945 καὶ
816 1920 910 1953 λόγους
924 1918 1000 1944 οὖσαι
1015 1919 1097 1945 θείους
1111 1930 1137 1944 τε
1153 1920 1191 1944 καὶ
1206 1919 1377 1952 ἀνθρωπίνους
1392 1919 1445 1944 ίᾶσι
1460 1919 1601 1951 καλλιστὴν
1612 1918 1707 1952 φωνήν.
1730 1918 1786 1950 Qui
1802 1918 1886 1945 multi
1901 1919 1975 1947 hanc

245 1958 369 1985 fabulam
391 1959 527 1995 deinceps
549 1959 706 1995 attigerunt
727 1959 773 1986 vel
796 1959 899 1986 imitati
921 1965 998 1990 sunt,
1016 1968 1064 1986 cos
1087 1958 1214 1985 indicant
1231 1957 1409 1985 Wernsdorf.
1426 1958 1461 1985 ad
1477 1958 1599 1985 Himerii
1621 1958 1738 1996 Eclogg.
1754 1958 1790 1985 X.
1805 1967 1834 1993 4.
1858 1968 1886 1994 p.
1908 1967 1973 1996 179.

244 1998 310 2025 XII.
329 2007 354 2034 5.
371 2009 398 2035 p.
414 2009 478 2035 190.
496 2006 524 2026 et
539 1999 663 2026 Fischer.
680 2000 715 2027 ad
731 2001 905 2027 Anacreont.
922 1999 1008 2026 Odar.
1025 1999 1132 2025 XLIII.
1150 2009 1176 2035 p.
1194 1999 1255 2033 167.

285 2037 299 2057 b
321 2040 360 2065 καὶ
380 2042 410 2072 τῇ
434 2040 514 2074 φύσει
534 2041 690 2075 λαλίστερος
710 2041 857 2075 γνωρίζεται
878 2040 1018 2077 neglectis
1040 2039 1141 2066 mediis
1157 2039 1214 2066 Pal.
1232 2039 1264 2066 B.
1280 2039 1445 2073 λαλίστερος,
1462 2038 1514 2073 ὥρᾳ
1535 2038 1691 2073 μεσημβρίαι
1712 2038 1861 2073 γνωρίζεται
1875 2039 1971 2067 vatic.

245 2079 312 2105 Non
328 2089 474 2107 moramur
488 2086 654 2116 portentum
671 2090 822 2116 operarum
839 2080 923 2116 culpa
938 2086 1037 2107 natum
1054 2080 1082 2106 in
1098 2079 1150 2106 Ed.
1166 2079 1264 2107 Aurel.
1309 2078 1390 2105 Plato
1405 2079 1425 2106 l.
1436 2078 1454 2105 l.
1471 2088 1500 2114 p.
1516 2077 1580 2114 258.
1593 2088 1626 2105 e:
1651 2079 1683 2105 ὡς
1705 2079 1731 2104 ἐν
1749 2081 1785 2115 τῷ
1805 2080 1889 2115 πνίγει
1910 2080 1974 2116 ὑπὲρ

244 2121 357 2154 κεφαλῆς
379 2121 435 2153 ἡμῖν
450 2122 472 2146 οἱ
487 2122 599 2155 τέττιγες
617 2121 789 2154 ᾄδοντες-ἐν
802 2121 958 2155 μεσημβρίᾳ.
1001 2120 1151 2147 Anacreon
1167 2129 1208 2146 νὴ.
1225 2129 1260 2155 9:
1285 2120 1379 2154 Θέρεος
1399 2120 1494 2154 ’γλυκὺς
1514 2119 1658 2153 προφήτης.
1702 2119 1890 2147 Philostratus
1905 2120 1974 2148 Vita

242 2160 376 2196 Apollon.
394 2160 460 2187 VII.
477 2169 486 2187 Ι
498 2169 520 2187 1.
536 2170 563 2196 p.
580 2162 632 2195 237
648 2172 653 2187 ;
677 2163 701 2187 οἱ
714 2163 760 2195 μὲν
775 2163 896 2196 τέττιγες,
913 2160 1120 2195 ὑποψαλλυύσης
1135 2161 1220 2187 αἰτοῖς
1234 2161 1278 2193 τῆς
1293 2160 1358 2194 ὧρας
1373 2160 1399 2185 ἐν
1413 2159 1488 2195 ᾠδαῖς
1502 2158 1577 2192 ἦσαν.
1622 2159 1771 2186 Himerius
1786 2169 1812 2196 p.
1828 2160 1900 2196 198:
1923 2162 1972 2187 ἐνί·

243 2211 309 2233 κησα
329 2201 375 2233 μὲν
390 2201 438 2227 ὑπό
461 2212 504 2226 σοι
525 2203 595 2235 κριτῇ
617 2202 679 2227 κατὰ
700 2202 745 2235 τὴν
766 2202 865 2237 θερινὴν
886 2201 953 2236 ὤραν
973 2202 1018 2227 τὸν
1039 2202 1134 2236 τέτιγα.
1172 2200 1215 2227 Cf.
1232 2206 1261 2227 et
1277 2199 1370 2237 Longi
1385 2200 1507 2226 Pastorr.
1524 2199 1546 2226 Ῑ.
1566 2208 1610 2235 23.
1626 2209 1654 2236 p.
1674 2199 1719 2226 28.
1737 2199 1781 2227 ed.
1799 2200 1927 2228 Courier.
1943 2207 1973 2229 et

242 2240 356 2268 Sinner.

283 2285 295 2300 θ
317 2280 464 2317 Meleager
478 2290 521 2308 nr.
539 2281 623 2308 CXI:
646 2281 750 2315 Ἠχὴεις
769 2283 854 2316 τέττιξ
875 2282 1009 2316 δροσεραῖς
1028 2282 1187 2316 σταγόνεσσι
1208 2281 1354 2313 μεθυσθεὶς,
1370 2279 1405 2307 ad
1422 2289 1484 2315 quae
1499 2279 1611 2307 Jacobs.
1629 2279 1657 2306 in
1674 2279 1789 2307 Anthol.
1806 2281 1855 2308 Gr.
1871 2281 1904 2309 T.
1918 2281 1968 2309 VI.

243 2331 269 2357 p.
287 2330 348 2348 121.
366 2327 394 2348 et
408 2321 469 2347 haec
484 2321 629 2357 Antipatri
644 2321 761 2349 Messal.
777 2322 829 2357 Ep.
847 2321 947 2348 XXX:
970 2322 1040 2355 ἀρκεῖ
1055 2323 1172 2355 τέττιγας
1192 2321 1302 2353 μεθύσαι
1324 2321 1417 2355 δρόσος
1439 2320 1577 2352 adhibuit,
1592 2329 1646 2347 nec
1662 2321 1751 2347 nostri
1766 2321 1832 2353 loci,
1848 2322 1897 2349 ubi
1911 2331 1970 2349 nou

242 2371 315 2392 rore,
333 2361 382 2388 sed
397 2361 466 2391 sole,
483 2361 565 2388 ebrioe
581 2362 715 2388 dicuntur
730 2362 845 2392 eicadae,
862 2361 968 2388 oblitus
983 2367 1036 2388 est.
1073 2361 1118 2388 Cf.
1136 2367 1164 2388 et
1180 2360 1307 2388 Fischer.
1324 2360 1358 2387 ad
1374 2361 1478 2387 Anacr.
1494 2370 1520 2387 v.
1535 2370 1561 2396 3.

283 2400 297 2421 (Ῑ
317 2401 474 2434 ποιούμενος·
489 2403 527 2427 καὶ
542 2403 646 2436 θέατρον
662 2402 755 2429 Υῆῑίς.
772 2403 876 2428 Anacr.
891 2411 919 2428 V.
934 2410 960 2427 2.
977 2402 1099 2436 δενδρέων
1114 2401 1152 2427 ἐπ’
1167 2403 1258 2436 ἤκρων.
1301 2401 1444 2427 Theocrit.
1461 2400 1546 2437 Idyll.
1563 2400 1642 2428 XVI.
1660 2409 1706 2437 94.
1724 2410 1765 2437 sq.
1778 2413 1784 2428 :
1799 2402 1870 2428 ἁνίκα
1884 2403 1970 2437 τέττιξ

242 2443 365 2468 -ἕνδοθι
381 2443 490 2476 δένδρων
503 2441 575 2476 Ἀχεῑ
588 2443 614 2468 ἐν
628 2442 805 2476 ἀκρεμόνεσσι,
836 2441 1024 2468 Philostratus
1038 2441 1057 2468 l.
1070 2441 1088 2468 1.
1104 2451 1132 2477 p.
1148 2442 1214 2476 287.
1230 2441 1378 2477 platanum
1394 2441 1429 2468 de
1445 2441 1545 2468 eadem
1561 2450 1591 2468 re
1607 2448 1756 2468 memorat.
1788 2442 1904 2478 Proprie
1919 2452 1967 2470 au-

242 2489 300 2510 tem
316 2481 452 2517 τερετίζειν
467 2481 601 2509 dicuntur
616 2482 721 2509 cicadae
737 2489 765 2509 et
779 2481 906 2509 lusciniae
922 2487 951 2508 et
964 2491 1033 2508 vero
1048 2481 1224 2508 hirundines.
1254 2481 1351 2508 Pollux
1363 2481 1397 2507 V.
1411 2482 1455 2516 89.
1478 2481 1619 2509 Valcken.
1637 2481 1671 2508 ad
1687 2481 1828 2509 Zenodot.
1844 2482 1879 2509 ad
1894 2483 1965 2510 calc.

242 2522 386 2550 Ammonii
402 2531 428 2558 p.
443 2531 508 2557 230.
535 2522 571 2549 cf.
588 2522 652 2549 Tib.
670 2522 881 2549 Hemsterhusii
895 2521 1025 2548 Anecdd.
1040 2521 1084 2548 ed.
1097 2522 1188 2548 Geelii
1203 2532 1230 2558 p.
1245 2530 1292 2557 32.
1310 2528 1337 2548 et
1353 2522 1531 2549 Meletemm.
1548 2528 1651 2549 nostrr.
1669 2522 1750 2558 (ibiq.
1766 2522 1877 2559 Fragm.
1895 2522 1965 2550 Cod.

242 2563 331 2590 Palat.
360 2562 494 2590 Heidelb.
511 2572 539 2589 n.
558 2564 635 2597 132.)
650 2563 672 2589 I.
689 2572 717 2598 p.
732 2572 741 2589 1
752 2571 776 2590 2.
806 2562 873 2589 Non
889 2568 933 2589 est
947 2562 1034 2599 igitur
1049 2562 1125 2597 quod
1141 2572 1260 2598 operose
1276 2562 1480 2599 redarguamus
1494 2562 1639 2590 infelicem
1655 2561 1849 2595 conjecturam
1864 2563 1965 2599 Thryl-

241 2604 305 2635 litii,
322 2603 370 2640 qui
386 2603 414 2630 in
429 2603 646 2639 Theophylacto
662 2603 778 2629 volebat
792 2602 908 2637 ἐρεθίζει.
945 2602 1008 2629 Vid.
1024 2602 1149 2629 Fischer.
1166 2603 1200 2629 ad
1215 2603 1320 2630 Anacr.
1335 2612 1376 2629 vs.
1390 2612 1418 2637 4.
1455 2603 1531 2630 Nolo
1546 2602 1592 2630 hic
1607 2602 1721 2630 silentio
1736 2603 1964 2638 praetermittere,

242 2644 471 2671 Grammaticum
487 2643 515 2670 in
532 2643 602 2670 Cod.
619 2643 736 2670 Parisin.
751 2653 795 2679 ap.
808 2642 976 2670 Boissonad.
992 2642 1027 2669 ad
1044 2642 1200 2669 Herodiani
1219 2643 1426 2679 Epimerismos
1441 2653 1467 2679 p.
1485 2652 1549 2679 291.
1566 2643 1606 2670 ita
1620 2642 1811 2680 distinguere:
1836 2644 1877 2669 ἐπὶ
1890 2644 1964 2677 ἀηδό-

241 2696 292 2716 νος,
306 2684 447 2720 τερετίζειν·
470 2685 510 2710 ἐπὶ
524 2685 666 2718 χελιδόνος,
682 2685 825 2719 ψιθυρὶζειν
840 2686 878 2710 καὶ
894 2684 1052 2716 τιττυβίζειν
1075 2685 1115 2710 ἐπὶ
1129 2685 1252 2718 τέττιγος,
1269 2683 1347 2718 ἠχεῖν.
