2201 2990
241 171 321 207 444

243 264 337 296 quam
354 252 486 283 maxime
501 251 573 289 suis,
590 262 754 294 quousque
770 250 864 288 videt,
880 261 940 280 non
956 249 1081 280 dubita-

244 307 330 327 mus:
356 295 459 326 videre
478 306 603 337 quoque
619 295 723 324 Deum
745 305 803 329 res,
820 300 972 335 quatenus
994 293 1083 323 certis

244 349 407 370 causarum
422 337 471 368 vel
486 338 628 379 deinceps
643 336 811 379 agentium,
825 336 871 367 vel
888 347 904 367 e
919 344 1083 378 conspectu

246 382 415 413 necessario
437 380 684 412 concurrentium
706 379 866 410 ordinibus
890 390 1083 420 consequun-

247 433 299 456 tur
321 424 499 455 asserimus:
528 422 677 465 siquidem
701 422 744 453 ita
765 433 889 464 quoque
911 421 1084 464 philosophi

248 467 346 498 multa
378 477 600 508 nonnunquam
631 464 738 508 procul
768 464 936 495 admodum
965 464 1083 501 futura,

248 510 335 553 quasi
360 510 420 541 sint
441 509 613 552 praesentia‚
637 508 753 539 vident.
798 506 911 537 Vident
935 506 1013 544 haec,
1036 507 1083 537 in-

248 565 353 596 quam,
370 553 400 584 in
416 552 524 589 causis,
540 563 617 594 quas
631 551 689 592 ipsi
704 562 759 581 nec
774 556 881 591 agunt,
896 560 996 590 neque
1011 561 1084 580 con-

249 604 385 627 nectunt.
435 595 542 626 Multo
564 595 668 636 itaque
694 593 791 634 magis
817 591 964 634 prospicit
988 592 1086 629 Deus,

250 639 326 682 quid
342 651 379 670 ex
396 638 503 675 causis,
517 637 593 679 quid
609 648 645 667 ex
662 646 821 666 causarum
837 634 1086 676 proprietatibuS,

251 682 327 724 quid
351 693 389 712 ex
413 692 517 712 earum
542 678 764 721 conspiratione
788 676 965 719 proveniat:
997 677 1089 718 siqui-

251 725 320 755 dem
349 724 412 766 ipse
438 723 571 754 videndo
597 732 702 752 causas
731 720 832 758 efficit,
858 731 969 761 easque
995 719 1089 750 donat

251 767 491 809 proprietatibus
507 774 537 796 et
551 764 703 796 connectit
718 763 747 793 in
765 774 873 793 unum.
919 764 967 792 Ac
985 762 1008 792 si
1022 762 1090 804 phi-

253 810 383 852 losophi,
405 817 522 851 quanto
544 807 710 849 sagaciores
733 813 814 841 sunt,
833 812 918 835 tanto
940 804 1029 835 citius
1051 817 1087 835 ex

252 853 456 895 praesentibus
471 852 517 882 vel
533 850 631 881 causis
647 849 693 879 vel
710 848 827 878 indiciis
849 848 986 878 absentia
1004 847 1089 878 colli-

253 903 354 938 gunt:
391 904 421 926 et
449 893 589 937 quamvis
617 890 775 933 temporali
802 890 935 932 quadam
965 890 1090 921 rationis

253 938 439 969 discursione
461 937 610 971 nitantur,
627 942 727 965 tamen
748 934 856 964 futura
878 933 965 975 quasi
988 933 1089 964 statim

254 982 398 1023 redigunt
415 980 452 1010 ad
470 978 673 1021 praesentiam.
712 977 856 1007 Profecto
871 984 993 1006 aeternae
1008 988 1091 1006 men-

254 1025 292 1055 tis
317 1023 495 1054 individuus
518 1021 567 1051 ille
595 1020 772 1061 stabilisque
797 1019 922 1049 omniuo
947 1027 1092 1061 totusque

255 1067 343 1097 simul
368 1066 497 1096 intuitus
521 1064 692 1094 universam
720 1073 821 1093 rerum
846 1062 1020 1092 distantiam
1044 1062 1091 1092 vel

254 1109 378 1140 localem
402 1109 449 1139 vel
470 1107 561 1138 etiam
584 1106 794 1148 temporalem,
811 1105 872 1135 ictu
889 1105 1022 1147 quodam
1047 1105 1093 1135 111-

255 1152 397 1183 divisibili
423 1149 681 1193 praesentarioque
704 1148 928 1190 complectitur,
954 1156 999 1185 ut,
1023 1160 1093 1189 quae

254 1195 333 1226 inter
356 1206 386 1225 se
409 1193 553 1225 distantia
576 1200 646 1222 sunt
669 1199 762 1233 atque
779 1192 896 1230 futura,
913 1190 954 1221 illi
971 1191 1094 1233 penitus

255 1238 393 1280 proxima
411 1237 470 1267 sint
486 1245 579 1277 atque
595 1235 772 1277 praesentia:
795 1234 898 1276 itaque
914 1246 968 1264 uec
985 1240 1046 1264 tam
1063 1234 1093 1264 11]

254 1281 363 1318 causis,
390 1292 483 1322 quam
514 1279 544 1309 iu
575 1291 604 1308 se
635 1278 717 1320 ipsis,
745 1285 927 1308 contueatur
956 1277 1091 1308 effectus.

255 1325 328 1355 Jam
345 1335 417 1354 vero
432 1334 469 1353 ex
488 1322 544 1352 hoc
560 1322 638 1364 ipso,
654 1320 738 1362 quod
754 1327 882 1350 eventus
898 1331 957 1349 non
974 1320 1003 1350 in
1021 1332 1093 1350 cau-

255 1367 294 1398 sis
317 1375 448 1403 tantum,
472 1377 572 1406 neque
595 1372 740 1406 tanquam
764 1364 886 1393 futuros
908 1362 1025 1404 aspicit,
1042 1363 1094 1393 sed

256 1417 420 1452 pra-sentes
436 1408 584 1450 sequitur,
601 1415 645 1444 ut,
662 1406 715 1437 ubi
731 1405 916 1448 philosophi,
934 1405 1007 1436 dum
1025 1417 1095 1436 con-

257 1453 407 1494 tingentes
422 1452 451 1482 in
468 1452 608 1481 futurum
626 1457 753 1480 eventus
775 1456 980 1491 aucupantur,
997 1449 1093 1479 ambi-

256 1504 345 1537 gunt,
364 1497 450 1526 Deus
470 1495 534 1536 ipse
557 1505 616 1524 nou
640 1492 786 1534 ambigat.
832 1493 925 1529 Nam,
941 1504 1011 1534 qua·
1026 1503 1096 1522 con-

256 1536 405 1580 tingentia
430 1538 570 1573 dicimus,
595 1536 660 1566 lia-c
687 1535 836 1577 quamdiu
863 1535 964 1566 adhuc
991 1535 1097 1565 futura

257 1591 339 1618 sunt,
355 1588 483 1623 possunt
499 1592 534 1610 cx
552 1579 650 1610 causis
666 1590 725 1609 non
742 1578 840 1609 exire:
864 1590 933 1609 cum
950 1590 1021 1608 vero
1037 1578 1097 1620 pri-

258 1637 342 1655 mum
367 1624 527 1666 prieseutia
551 1630 632 1659 sunt,
658 1633 718 1652 non
743 1622 839 1652 exisse
863 1633 922 1651 nou
951 1629 1094 1663 possunt:

258 1679 357 1709 neque
373 1667 472 1697 valent
497 1666 599 1703 etiam,
615 1665 690 1695 dum
715 1672 786 1695 suut
810 1676 869 1694 nou
892 1676 971 1694 esse:
998 1676 1097 1705 neque

258 1711 287 1741 in
312 1711 384 1753 ipsis
406 1709 665 1750 contingentibus,
687 1716 839 1749 quatenus
862 1715 933 1737 sunt
955 1706 992 1737 ad
1020 1719 1097 1749 pra*-

259 1765 336 1789 sens,
353 1754 446 1784 datur
461 1766 524 1783 esse
548 1752 661 1794 pariter
683 1759 775 1792 atque
799 1762 858 1781 uon
875 1762 948 1787 esse,
966 1750 1017 1780 sed
1034 1762 1097 1780 esse

259 1797 422 1833 duntaxat,
438 1795 578 1837 quamvis
595 1795 623 1824 in
641 1795 780 1824 futurum
800 1794 913 1835 possint
937 1804 995 1823 uon
1012 1806 1075 1823 csse
1089 1806 1094 1823 :

260 1851 355 1881 quare
378 1838 614 1870 necessariorum
628 1838 691 1879 jam
708 1837 910 1867 conditionem
936 1836 1041 1866 sortita
1056 1836 1098 1866 vi-

260 1883 380 1913 dentur.
428 1884 515 1912 Deus
545 1881 638 1922 igitur
665 1881 705 1911 ita
736 1880 863 1910 tirmiter
891 1879 1099 1919 contingentia

262 1925 490 1967 tenet,quando
506 1924 630 1966 quidem
649 1932 681 1953 ut
699 1923 859 1965 prieseutia
876 1923 1011 1959 x·i‹lct,ut
1028 1934 1098 1964 qua=

262 1977 332 1999 sunt
348 1968 526 1999 naturaliter
542 1966 717 1997 necessaria.
750 1967 829 1996 Nam
847 1974 875 1996 et
894 1965 1021 2007 quilibet
1038 1977 1100 1995 cer-

263 2018 312 2041 tus
327 2020 369 2042 est
387 2024 449 2041 esse
464 2011 590 2052 fierique
609 2009 815 2050 contingentia
838 2009 902 2039 hamt
926 2008 1046 2038 intuens
1070 2008 1099 2038 in

263 2055 502 2095 p1-aesemi,quae
525 2054 609 2087 ol'uu,
628 2061 730 2082 utrum
756 2052 784 2082 in
810 2060 964 2094 posterum
989 2052 1099 2088 forent,

264 2104 326 2127 erat
343 2097 483 2127 incertus.
514 2098 667 2127 Praeterea
683 2096 758 2125 sicut
776 2107 812 2125 ex
829 2107 918 2125 eausa
936 2094 1102 2125 necessaria

264 2140 405 2170 effectum
432 2148 608 2170 secuturum
637 2147 720 2168 certo
746 2138 813 2169 sciri
841 2146 960 2179 potest:
995 2137 1035 2167 ita
1062 2149 1098 2167 ex

264 2182 362 2214 causis
384 2182 641 2223 contingentibus,
659 2181 777 2222 quoties
797 2180 1101 2222 comprehenduutur

265 2233 394 2262 eunt-tie,
410 2226 574 2266 sciturque,
592 2232 696 2255 utrum
721 2224 928 2265 impediantur
948 2223 1100 2255 alicunde.

266 2279 367 2298 necue.
415 2269 494 2298 Cum
511 2280 582 2298 vero
601 2269 697 2301 Deus,
715 2275 860 2308 tanquam
883 2274 912 2297 et
933 2265 1100 2307 exemplar,

264 2319 293 2341 et
310 2311 442 2347 effector,
459 2319 487 2340 et
512 2319 610 2340 motor
626 2310 761 2340 omnium
783 2309 885 2339 omnia
904 2309 1101 2350 eomprehen-

265 2353 335 2384 dat:
365 2353 405 2383 ita
429 2361 529 2383 certus
550 2362 594 2383 est
617 2365 653 2382 ex
679 2353 936 2393 contingentibus,
963 2352 1039 2382 sicut
1062 2363 1100 2382 ex

266 2396 439 2427 necessariis
466 2396 581 2425 exitum
609 2404 796 2431 secuturum,
825 2395 885 2425 imo
906 2395 970 2436 jam
1002 2394 1099 2436 sequi.

266 2440 376 2481 Neque
396 2450 468 2468 vero
489 2438 647 2468 mutabilia
670 2437 809 2477 intelligit
833 2437 1030 2473 mutabiliter,
1048 2449 1099 2466 ue-

267 2494 327 2523 que
349 2480 540 2511 divisibiliter
555 2480 714 2510 divisibilia
730 2481 836 2515 ceruit,
853 2480 905 2509 sed
922 2492 977 2520 pro
992 2480 1101 2510 indivi-

267 2525 329 2555 dua
353 2524 399 2554 sui
425 2522 635 2563 immobilique
661 2530 770 2552 natura
800 2522 887 2551 simul
914 2522 1101 2564 firmiterque

267 2575 349 2599 tenet
371 2567 515 2598 distracta
540 2565 629 2596 etiam
655 2564 685 2594 in
709 2576 739 2594 se
764 2564 834 2606 ipsis
858 2571 950 2606 atque
975 2565 1101 2595 circum-

400 154 623 195 ARGUM.
644 153 812 193 MARS.
834 152 938 193 FIC.
960 152 1025 192 IN
1046 152 1155 192 LIB.
1177 151 1233 191 II.
1263 150 1520 191 ENNEAD.
1542 149 1795 190 TERTIAE.

1125 260 1224 291 vaga:
1248 249 1326 280 sicut
1349 259 1429 290 saepe
1451 247 1534 278 visus
1556 247 1717 278 individuo
1739 245 1874 288 quodam
1897 245 1959 277 ictu

1125 292 1223 323 multa
1237 291 1396 334 conspicit,
1412 303 1483 333 quae
1503 298 1682 321 moventur:
1708 301 1808 331 neque
1826 300 1961 327 rursum,

1127 347 1198 377 quae
1220 334 1398 366 naturaliter
1418 333 1578 364 mutabilia
1599 341 1681 370 sunt,
1698 339 1861 405 propterea
1875 332 1964 362 firma

1127 377 1312 415 redduntur,
1328 377 1412 419 quod
1428 376 1479 407 ille
1492 376 1620 407 firmiter
1635 387 1757 418 compre
1781 375 1886 406 endat:
1910 374 1965 406 sic·

1129 428 1164 452 ut
1185 432 1285 462 neque
1307 419 1517 451 immaterialia
1531 419 1610 450 fiunt
1625 431 1663 450 ex
1679 431 1724 455 eo,
1741 417 1825 460 quod
1841 417 1891 448 ille
1906 417 1964 448 im-

1128 463 1323 495 materialiter
1340 465 1389 502 (ut
1404 463 1447 493 ita
1461 462 1605 502 dixerim)
1622 461 1852 504 complectatur.
1881 461 1963 491 Nam

1128 513 1158 537 et
1178 507 1242 549 ipse
1264 505 1464 548 intelligentia
1486 516 1551 542 sua,
1568 505 1599 535 id
1614 512 1670 542 est,
1685 504 1803 535 actione
1825 515 1880 534 sua
1902 511 1965 534 tam

1129 549 1377 591 contingentibus
1393 549 1488 590 ipsam
1504 547 1719 589 contingentiae
1739 554 1849 577 sortem
1866 546 1963 589 impo-

1130 592 1186 629 nit,
1203 603 1295 633 quam
1313 591 1485 622 necessariis
1507 590 1690 620 necessitatis
1705 589 1829 620 exhibet
1845 589 1942 631 legem
1957 602 1963 620 :

1131 634 1217 676 atqui
1229 642 1259 665 et
1274 634 1482 676 intelligentiae
1495 633 1722 674 voluntatisque
1737 639 1848 663 nostrae
1864 640 1967 663 motus

1132 676 1284 718 quoslibet
1299 677 1439 718 quamvis
1461 676 1571 707 liberos
1593 675 1762 706 firmissime
1778 682 1867 706 tenet.
1914 676 1968 705 In-

1133 719 1251 760 telligit,
1275 720 1413 761 inquam,
1433 732 1500 750 eos:
1525 730 1595 749 nam
1619 719 1746 749 essentia
1768 717 1867 759 prima
1889 717 1967 749 sicut

1132 762 1275 792 omnibus
1290 761 1520 803 quomodolibet
1535 761 1651 792 essendi
1667 772 1758 791 causa
1772 768 1816 791 est
1829 773 1836 791 z
1861 760 1901 791 sic
1924 760 1969 791 in-

1134 804 1356 835 tellectualibus
1380 804 1610 846 quomodolibet
1632 804 1689 835 rite
1711 802 1899 845 intelligendi
1922 811 1969 834 at-

1133 858 1194 888 que
1220 847 1351 877 volendi.
1396 847 1537 878 Directos
1562 847 1666 888 itaque
1696 854 1797 877 motus
1826 845 1969 887 intelligit

1135 898 1279 931 tanquam
1306 889 1369 931 ipse
1391 902 1516 932 quoque
1539 901 1676 927 movens,
1699 889 1840 931 obliquos
1866 896 1969 919 autem

1135 938 1282 974 tanquam
1298 944 1335 962 ex
1351 932 1492 974 opposito
1507 932 1674 963 deficientis
1691 944 1709 962 a
1724 932 1822 962 rectis.
1869 931 1968 962 Intel-

1136 975 1201 1017 ligit
1222 983 1251 1005 et
1271 983 1369 1005 certos
1391 982 1502 1012 motus,
1519 975 1571 1016 qui
1588 975 1618 1005 11]
1635 987 1664 1005 se
1680 975 1752 1017 ipsis
1768 975 1912 1005 videntur
1926 974 1970 1005 11]-

1136 1018 1227 1048 certi:
1253 1018 1402 1059 siquidem
1419 1017 1555 1059 singulos
1570 1018 1632 1047 fieri
1645 1018 1709 1059 jam
1726 1029 1785 1048 non
1798 1018 1863 1048 fore
1875 1017 1969 1048 videt.

1137 1061 1316 1092 ‚Eternitati
1340 1072 1472 1102 namque
1492 1060 1534 1090 ita
1554 1060 1644 1090 semel
1664 1067 1763 1090 totum
1784 1068 1904 1102 tempus
1927 1068 1972 1091 est

1137 1115 1280 1146 praestum,
1296 1104 1373 1134 sicut
1395 1111 1423 1134 et
1447 1111 1552 1133 centro
1574 1110 1657 1133 totus
1680 1103 1792 1144 pariter
1813 1103 1972 1134 circumfe-

1137 1147 1241 1178 rentiae
1257 1155 1380 1177 tractus.
1420 1147 1463 1177 Et
1478 1145 1628 1188 quamvis,
1645 1145 1698 1187 qui
1714 1156 1795 1176 nunc
1808 1146 1850 1176 ita
1865 1145 1972 1177 volun-

1138 1198 1199 1221 tate
1215 1198 1365 1226 movetur,
1383 1189 1477 1231 possit
1496 1189 1583 1219 aliter
1598 1188 1741 1230 deinceps
1763 1188 1888 1219 aliterve
1910 1200 1974 1219 mo-

1138 1233 1211 1270 veri,
1235 1233 1284 1263 ille
1311 1241 1410 1263 tamen
1434 1232 1472 1262 de
1495 1232 1552 1262 hoc
1576 1243 1635 1262 non
1662 1231 1749 1262 aliter
1771 1238 1864 1272 atque
1887 1231 1974 1262 aliter

1137 1276 1289 1318 opinatur.
1341 1274 1484 1317 Singulos
1514 1286 1646 1316 namque
1676 1282 1777 1305 motus
1806 1285 1974 1316 eorumque

1138 1320 1244 1350 modos
1259 1319 1298 1349 ab
1314 1318 1399 1348 initio
1415 1318 1505 1348 semel
1520 1318 1688 1359 anticipans
1704 1317 1881 1348 mutabilem
1904 1328 1974 1359 pro-

1138 1362 1320 1403 gressionem
1339 1361 1498 1391 individuo
1513 1373 1604 1403 penes
1624 1372 1653 1390 se
1669 1360 1769 1402 ipsum
1785 1360 1907 1391 cardine
1923 1360 1974 1390 fir-

1139 1413 1211 1436 mat.
1259 1404 1349 1442 Quod
1373 1412 1476 1435 autem
1499 1404 1637 1445 plerique
1653 1403 1693 1434 sic
1708 1403 1915 1445 argumentari
1931 1415 1977 1433 so-

1140 1449 1219 1479 lent:
1245 1448 1268 1478 si
1292 1455 1392 1478 certus
1416 1455 1459 1478 cst
1486 1448 1583 1484 Deus,
1608 1446 1739 1477 animam
1766 1446 1797 1476 id
1824 1453 1973 1486 acturam,

1139 1492 1239 1522 anima
1255 1490 1422 1521 necessario
1438 1490 1467 1520 id
1484 1489 1603 1527 efficiet,
1620 1501 1678 1520 nou
1696 1489 1911 1531 consequitur:
1940 1489 1975 1519 si-

1141 1534 1265 1576 quidem
1279 1534 1328 1564 ille
1340 1542 1439 1564 certus
1455 1542 1497 1564 cst
1514 1533 1644 1563 animam
1663 1532 1755 1563 libere
1767 1532 1796 1562 id
1809 1532 1973 1562 facturam:

1141 1578 1201 1608 imo
1217 1589 1288 1607 vero
1305 1577 1334 1607 id
1352 1576 1445 1607 libere
1461 1577 1566 1606 tacere.
1604 1576 1771 1606 Praesentia
1786 1575 1866 1605 enim
1881 1575 1977 1606 cernit

1141 1621 1169 1650 in
1187 1632 1228 1657 se,
1245 1632 1315 1661 quw
1331 1620 1437 1650 futura
1452 1627 1522 1649 sunt
1539 1618 1637 1649 rebus.
1685 1620 1765 1649 Cum
1785 1618 1879 1660 igitur
1895 1629 1975 1660 prze-

1141 1671 1239 1694 sentes
1250 1664 1313 1704 jam
1330 1671 1433 1693 cernat
1449 1670 1586 1699 eventuS‚
1604 1673 1663 1691 non
1681 1661 1748 1692 licet
1764 1673 1869 1691 rursus
1884 1661 1977 1692 inter-

1141 1718 1258 1748 rog-are,
1272 1714 1374 1736 utrum
1392 1705 1485 1747 possit
1502 1705 1621 1735 animus
1636 1704 1813 1735 electionem
1830 1715 1916 1734 suam
1932 1703 1977 1734 in-

1142 1758 1222 1780 terea
1252 1757 1437 1791 perunum-e,
1466 1756 1627 1790 postquam
1656 1748 1742 1778 Deus
1771 1747 1906 1777 animum
1937 1746 1978 1777 sic

1141 1793 1257 1823 viderat
1274 1791 1453 1822 electurum.
1493 1792 1562 1821 Non
1579 1790 1657 1820 enim
1674 1790 1755 1820 cadit
1771 1790 1885 1820 interea
1900 1797 1975 1820 tem-

1143 1847 1210 1877 pus,
1228 1835 1280 1865 ubi
1298 1846 1355 1864 uon
1372 1834 1539 1864 electurum
1558 1833 1684 1870 viderat,
1702 1833 1754 1863 scd
1771 1832 1852 1863 videt
1876 1832 1979 1874 potius

1142 1879 1314 1920 eligentem.
1361 1878 1470 1918 Neque
1487 1884 1519 1907 tu
1537 1888 1658 1906 rursum
1676 1876 1816 1917 objicias:
1844 1875 1875 1905 Si
1892 1876 1979 1906 Deus

1143 1922 1269 1952 tirmiter
1296 1920 1377 1951 videt
1408 1920 1518 1961 eligere
1535 1932 1540 1949 ι
1575 1931 1647 1959 ergo
1677 1918 1854 1960 compulsus
1883 1917 1976 1960 eligit.

1145 1965 1224 2002 Quid
1242 1964 1320 1994 euim
1338 1963 1479 2005 prohibet
1499 1962 1633 1992 animum
1658 1973 1713 1992 sua
1735 1961 1855 1991 interim
1872 1960 1980 1991 volun-

1145 2015 1206 2038 tate
1222 2008 1330 2045 facere,
1345 2006 1428 2047 quod
1446 2007 1532 2036 Deus
1548 2005 1674 2035 firmiter
1690 2012 1799 2034 natura
1816 2016 1870 2034 sua
1885 2004 1980 2034 cernit

1143 2053 1273 2081 animam
1290 2049 1419 2091 operari,
1437 2057 1529 2090 atque
1546 2055 1578 2078 ut
1597 2048 1689 2078 libera
1705 2047 1795 2077 faciat
1811 2047 1979 2084 voluntate,

1146 2095 1232 2124 Deus
1248 2093 1311 2135 ipse
1327 2104 1380 2122 sua
1397 2103 1515 2134 semper
1531 2091 1662 2121 instituit
1678 2090 1845 2120 voluntate.
1880 2089 1979 2120 Deni-

1144 2149 1204 2178 que
1228 2135 1311 2178 quod
1338 2134 1545 2175 argumentari
1572 2133 1709 2163 nonnulli
1737 2142 1978 2163 consueverunt:

1146 2178 1357 2210 Necessarium
1379 2186 1422 2208 est
1446 2177 1476 2207 id
1500 2177 1636 2207 animum
1653 2177 1760 2212 facere,
1778 2176 1800 2205 si
1818 2176 1905 2206 Deus
1919 2175 1980 2206 fac-

1145 2231 1249 2253 turum
1274 2221 1327 2251 scit
1349 2221 1390 2251 ita
1411 2220 1486 2250 velle
1502 2220 1611 2250 facere.
1659 2219 1804 2249 Similiter
1819 2229 1981 2260 argumen-

1146 2266 1201 2296 tari
1227 2276 1402 2306 possemus:
1431 2263 1451 2293 si
1476 2263 1568 2293 homo
1594 2262 1713 2292 dicatur
1737 2262 1816 2292 idem
1843 2261 1929 2299 scire,
1951 2269 1981 2292 et

1146 2308 1309 2349 utrobique
1340 2306 1499 2337 necessitas
1529 2317 1588 2335 non
1617 2313 1676 2335 tam
1708 2305 1738 2335 iu
1765 2311 1979 2346 consequente,

1145 2363 1236 2393 quam
1254 2349 1511 2390 inconsequentia
1528 2348 1652 2390 ponitur
1666 2360 1671 2378 :
1698 2359 1796 2389 neque
1812 2347 1841 2377 iu
1859 2359 1890 2377 re
1904 2347 1979 2388 ipsa,

1146 2394 1197 2425 sed
1214 2395 1243 2424 in
1260 2400 1494 2433 argumentante
1509 2391 1766 2433 deprehenditur:
1791 2398 1821 2420 et
1836 2389 1981 2420 conditio-

1147 2437 1221 2467 nalis
1237 2435 1378 2478 quaedam
1397 2435 1554 2465 necessitas
1575 2434 1640 2464 hacc
1661 2442 1717 2471 est,
1740 2444 1800 2463 non
1823 2431 1978 2477 absoluta:

1146 2478 1356 2511 conditionalis
1371 2485 1473 2508 autem
1489 2477 1659 2508 absolutam
1676 2476 1794 2507 trahere
1810 2485 1910 2506 secum
1926 2484 1979 2504 1111-

1147 2523 1226 2554 nime
1239 2521 1407 2554 consuevit.
