2201 2990
219 160 289 191 cxvi

754 151 1129 186 ANNOTATIONES
1155 152 1205 183 IN
1230 152 1429 183 PLOTINI

224 246 360 288 primum
390 244 430 275 ab
456 242 581 274 Amelio
608 240 752 279 Βασιλέα,
782 252 854 271 mox
884 251 902 270 a
929 238 1070 280 Longino
1087 238 1114 265 A
1133 238 1162 268 in
1187 238 1253 269 loco
1277 237 1392 269 Stobaei
1417 236 1523 268 Floril.
1541 236 1647 266 XCV.
1669 247 1702 277 p.
1719 243 1793 276 524.
1841 235 1922 266 Nam
1946 235 1978 265 in

224 296 363 338 ejusdem
378 295 442 326 fere
458 294 617 337 potestatis
631 293 683 324 sed
699 291 841 334 gratioris
857 290 922 322 soni
938 290 1071 326 nomine,

224 346 397 388 Πορφύριον
413 346 602 389 appellatum
619 345 712 376 esse.”
744 343 815 374 Vid.
831 343 922 373 etiam
936 340 1074 372 Linden-

226 400 314 441 brog.
335 399 375 430 ad
399 398 527 429 Amian.
549 396 723 428 Marcellin.
742 394 878 425 XXIV.
897 403 926 425 2.
943 402 974 432 7.
993 390 1072 432 (Vol.

228 451 275 482 II.
294 462 324 493 p.
342 452 392 492 63.
408 449 458 480 ed.
470 449 635 490 Wagner.)
653 447 692 478 de
708 445 830 476 nomine
846 443 1074 481 Naarmalcha,

227 509 257 532 et
269 501 308 532 cf.
322 502 524 537 Quatremere
539 499 569 529 in
587 497 684 529 Bastii
698 498 807 527 Lettre
822 496 964 537 Critique
980 506 1010 536 p.
1027 504 1076 532 14.

227 560 291 583 not.
323 553 376 583 Jo.
394 552 491 582 Laur.
509 549 621 591 Lydus
637 548 676 579 de
693 549 810 578 Menss.
826 559 857 589 p.
874 547 943 577 128.
958 557 990 587 p.
1004 546 1076 584 276.

1134 290 1221 321 Edit.
1240 289 1403 320 Turicensi
1426 297 1456 319 et
1479 288 1509 318 in
1528 286 1745 318 Gaisfordiana
1764 285 1832 316 Vol.
1851 287 1921 316 III.
1944 297 1976 328 p.

1136 350 1208 382 274.
1223 341 1336 383 legitur
1351 341 1384 371 οὐ
1399 340 1486 380 μέγα.
1513 341 1549 370 In
1564 338 1720 369 Athenaeo
1734 338 1809 368 XV.
1826 349 1856 379 p.
1870 338 1943 377 691.
1956 337 1978 367 f.

1134 404 1167 435 p.
1180 402 1254 434 522.
1269 392 1441 433 Schweigh.
1457 391 1488 421 in
1505 390 1636 421 hominis
1654 388 1748 420 Siculi
1765 388 1888 419 nomine
1904 388 1981 430 Epi-

1136 451 1218 474 tome
1240 443 1333 474 habet
1349 443 1512 483 Μεγάλου;
1537 441 1647 483 reliqui
1671 441 1739 471 libri
1763 441 1929 480 Μεγάλλου
1951 447 1982 471 et

1137 494 1313 534 Μέγαλλον,
1330 501 1456 524 accentu
1472 504 1597 535 quoque
1613 492 1745 522 diverso.
1772 493 1826 523 Cr.

1180 556 1211 586 p.
1227 544 1312 575 lxvii.
1330 544 1347 576 ¹.
1373 546 1422 577 οὓς
1437 543 1713 584 διατεθρυλληκέναι
1738 545 1766 576 ἐς
1790 543 1894 574 ἑαυτὸν
1910 542 1980 584 φῂς]

229 603 378 635 Roetheri
399 603 438 633 de
459 612 531 632 nece
546 599 666 630 <Iuliani
688 597 906 640 Imperatoris:
932 598 973 629 εἷς
995 598 1026 626 δὲ
1046 598 1077 626 ἐκ
1095 596 1118 623 Β
1140 600 1160 614 “
1184 596 1270 637 Lege
1300 596 1437 634 σεαυτὸν,
1463 596 1483 625 i.
1500 608 1526 626 e.
1556 600 1583 626 te
1612 595 1765 625 obtmlisse
1794 593 1982 636 crepa71d0.'’

229 658 278 694 τῆς
293 656 440 695 Περσικῆς
455 653 614 692 φάλαγγος
630 653 687 681 τῶν
702 647 874 689 λεγομένων
890 649 1077 686 Σαρακηνῶν,

231 709 262 738 ἐκ
291 709 341 744 τῆς
369 704 543 744 ἂλουργίδος
571 700 704 741 βασιλέα
733 700 906 738 ὑπολαβὼν,
935 697 1079 737 ἀνέκραγε

229 759 365 797 πατρίως,
394 757 537 795 Μαλχὰν,
569 753 660 784 οἱονεὶ
689 750 844 790 βασιλεύς.
890 749 985 780 Adde
1016 750 1078 780 Le-

230 815 339 839 tromze
355 807 385 837 in
399 806 538 847 Analysc
552 805 694 846 Critique
712 803 752 833 du
767 802 896 833 Recueil
907 801 1081 843 &Inscrip-

231 861 312 890 tinus
335 859 487 899 Grecques
513 861 541 887 et
565 857 695 886 Latinas
718 855 755 885 de
779 855 846 885 ΜΓ.
867 854 894 884 le
919 855 1023 885 Comte
1046 853 1082 883 de

239 911 348 941 Vidua.
374 908 472 940 Paris.
495 908 584 938 1828.
613 918 644 948 p.
665 907 712 937 18.
746 906 799 937 ubi
827 906 856 936 in
884 905 1082 947 inscriptione

233 963 345 993 Graeca
373 972 468 1003 prope
495 959 672 1000 Palmyram
701 965 823 1000 reperta
849 956 965 988 mentio
992 956 1027 986 fit
1052 963 1081 986 et
1100 956 1124 984 C

236 1013 413 1052 Μαλιχόμου
442 1010 603 1052 cujusdam
633 1018 663 1040 et
691 1010 843 1049 Μαλίχου.
890 1009 938 1038 De
968 1008 1084 1050 quibus

235 1064 410 1095 nominibus
432 1063 476 1092 vir
491 1061 686 1092 doctissimus
708 1061 740 1091 J.
761 1059 985 1091 Saint-Martin
1009 1057 1082 1089 ibid.

237 1128 265 1158 p.
288 1127 353 1155 19.:
380 1114 584 1151 “AIchlms,
607 1113 661 1149 ait,
685 1119 715 1143 et
738 1111 939 1142 Maloclzinus
962 1109 1085 1152 rappel-

237 1167 299 1198 lent
325 1166 536 1202 directement‚
561 1176 601 1195 ou
629 1175 685 1206 par
711 1162 893 1200 derivatiom
918 1162 946 1193 la
970 1161 1086 1202 dignite

239 1218 353 1261 royztlc‘,
370 1228 488 1248 comme
505 1216 613 1247 Basilo
627 1215 701 1246 chez
720 1214 761 1245 les
777 1214 904 1246 Grecs.’'
941 1213 1087 1254 Denique

239 1271 268 1302 J.
289 1270 365 1301 Chr.
382 1269 564 1310 Lindberg.‚
577 1268 614 1298 V.
626 1267 669 1297 D.
682 1266 712 1297 in
730 1266 814 1297 Diss.
827 1265 865 1296 dc
883 1263 1088 1306 Inscriptionc

1146 647 1298 688 Wyttenb.
1344 647 1417 677 Sine
1437 646 1522 677 libris
1546 647 1679 688 recipere
1702 657 1762 676 non
1787 657 1880 675 ausus
1903 655 1984 675 sum.

1141 698 1297 728 Caeterum
1320 697 1399 727 conf.
1419 697 1548 728 Heindf.
1572 697 1610 728 ad
1633 697 1752 728 Platon.
1771 695 1880 738 Lysid.
1907 696 1935 736 ξ.
1952 707 1985 734 4.

1140 759 1170 790 p.
1188 758 1218 788 9.
1725 749 1775 778 Ita
1798 747 1867 777 libri
1891 746 1986 777 nostri

1142 810 1247 829 omnes
1263 806 1293 829 et
1308 799 1403 829 Paris.
1420 810 1450 829 n.
1465 809 1554 840 ¹353·
1570 799 1731 830 Fabricius
1748 799 1858 829 edidit:
1877 799 1989 838 προῆκα

1142 850 1210 889 μήνε
1230 861 1289 880 non
1306 861 1377 880 sanc
1393 850 1566 880 emisissem.
1596 851 1666 881 Non
1686 850 1773 881 male.
1803 850 1881 881 Vide
1897 849 1990 880 modo

1146 901 1294 943 Xenoph.
1311 901 1349 932 de
1366 901 1475 932 Venat.
1494 901 1552 931 VI.
1573 911 1619 941 13.
1653 902 1709 932 Cr.

1188 965 1216 995 p.
1242 952 1326 983 lxvii.
1352 960 1386 983 ¹¹¹.
1420 953 1574 990 εὐστομίας
1600 965 1632 982 τε
1659 953 1704 982 καὶ
1730 952 1931 993 εὐγλωττίας]
1960 952 1990 982 E

1146 1004 1231 1035 suavi
1255 1004 1430 1046 eloquentia
1453 1003 1669 1045 facundiaque.
1716 1003 1824 1033 Varios
1846 1002 1990 1044 adjectivi

1147 1057 1287 1094 εὔστομος
1314 1055 1502 1097 significatus
1530 1055 1632 1095 attigit
1657 1054 1822 1096 I‘Vyttenb.
1849 1054 1887 1084 ad
1912 1054 1991 1085 Plu-

1148 1106 1245 1137 tarch.
1263 1118 1292 1148 p.
1305 1115 1376 1147 327.
1391 1115 1420 1136 et
1436 1118 1465 1148 p.
1481 1107 1552 1143 864.
1570 1106 1710 1144 εὐστομία
1723 1105 1753 1135 in
1767 1105 1904 1136 Platonis
1918 1106 1994 1137 Cra-

1148 1158 1213 1199 tylo
1230 1169 1258 1199 p.
1269 1168 1342 1196 404.
1357 1157 1386 1188 d.
1404 1167 1500 1199 p.47.
1526 1156 1625 1187 Bekk.
1650 1164 1695 1187 est
1718 1156 1783 1187 soni
1807 1157 1941 1187 suavitas
1963 1156 1992 1187 in

1148 1208 1380 1251 prommtiaiulo
1396 1207 1556 1239 vocabulo.
1604 1209 1654 1238 De
1671 1215 1803 1249 utraque
1824 1219 1897 1238 voce
1918 1208 1995 1239 bene

1149 1260 1213 1301 egit
1231 1260 1355 1291 Ernesti
1370 1260 1399 1290 in
1420 1261 1493 1290 Lex.
1512 1259 1662 1290 Technol.
1681 1260 1737 1290 Gr.
1754 1259 1850 1290 Rhet.
1874 1270 1907 1301 p.
1927 1259 1995 1301 138.

1265 749 1343 778 {Mox
1368 749 1419 778 οὐκ
1442 749 1478 779 ἂν
1498 749 1677 788 προηκάμην.

241 1320 399 1352 Melitensi
411 1319 711 1351 Phoenicio-Graeca.
738 1316 872 1348 Havniae
887 1317 975 1347 1828.
993 1323 1087 1357 p.71.
1106 1319 1132 1347 D
1151 1321 1180 1342 ct
1197 1323 1226 1354 p.
1244 1322 1311 1353 145.
1343 1311 1503 1342 Himerius
1520 1312 1609 1341 Orat.
1628 1311 1753 1341 XXII.
1771 1312 1801 1340 6.
1816 1322 1846 1352 p.
1862 1310 1936 1351 758.
1953 1321 1996 1352 sq.

241 1374 324 1403 hunc
341 1371 507 1414 Porphyrii
530 1370 630 1401 locum
652 1368 795 1400 adhibuit
812 1368 842 1398 in
863 1366 1013 1409 exemplis
1034 1378 1088 1396 no-

243 1424 360 1454 minum
375 1435 391 1454 e
409 1422 570 1453 Phoenicio
593 1432 732 1451 sermone
752 1420 782 1450 in
801 1420 948 1450 Graecuin
965 1417 1090 1449 transla-

244 1484 357 1506 torum.

287 1538 316 1568 p.
337 1525 409 1556 lxvi.
427 1525 442 1554 ἰ.
467 1525 538 1563 ὅπερ
561 1536 610 1561 μοι
634 1522 680 1553 καὶ
702 1523 717 1552 ὁ
737 1522 831 1561 πατὴρ
856 1521 994 1563 κέκλητο]
1020 1520 1089 1551 Vid.

246 1579 315 1608 Var.
334 1577 419 1607 Lect.
442 1577 659 1616 Auginentum
684 1584 758 1604 vero
783 1572 1093 1614 Plusqimmpcrfccto

245 1629 376 1671 adjicere
391 1627 430 1658 de
446 1627 623 1668 conjectura
639 1624 732 1655 nolui.
770 1623 916 1654 Similiter
930 1623 1094 1665 Eunapius

245 1692 276 1722 p.
294 1688 345 1721 35.
365 1678 531 1709 τετέλεστο.

246 1742 338 1774 quem
365 1731 429 1773 jam
460 1741 553 1771 supra
585 1727 780 1759 laudavimus
810 1726 849 1757 ad
880 1725 1096 1766 προκεχωρήκει

247 1796 271 1814 c.
286 1783 363 1813 VII.
379 1794 411 1824 p.
428 1783 495 1812 106.

249 1834 376 1865 tendum
392 1840 473 1863 erat:
499 1832 535 1862 (le
552 1831 692 1862 naturali
710 1831 824 1872 impetu
849 1829 911 1859 sive
934 1830 1096 1865 instinctu,

251 1886 294 1916 nti
308 1885 379 1916 fecit
394 1883 602 1914 Ruhnkcnius
616 1882 738 1924 Disput.
753 1881 791 1912 dc
806 1881 950 1921 Longino
964 1882 992 1920 ξ.
1002 1880 1096 1910 XIV.

251 1949 282 1979 p.
300 1938 373 1977 526.
394 1937 518 1976 Bergm.
560 1933 748 1964 Cleodamus
765 1932 813 1962 hic
829 1932 899 1974 quis
915 1931 1020 1968 fuerit,
1037 1942 1097 1961 non

251 1994 379 2018 constat.
410 1986 502 2017 Conf.
520 1993 634 2022 tamen,
651 1996 722 2026 quw
739 1983 778 2014 (le
793 1983 851 2013 hoc
869 1982 1003 2024 Longini
1022 1982 1100 2012 libro

543 1781 622 1810 Mox
646 1781 681 1809 τὰ
702 1779 768 1818 περὶ
792 1779 879 1817 ὁρμῆς
903 1777 1006 1819 potius
1028 1788 1094 1807 ver-

1153 1364 1274 1402 ἀηδόνες
1301 1365 1331 1393 δὲ
1359 1366 1512 1402 σοφιστῶν
1543 1362 1577 1402 (f.
1603 1365 1761 1401 σοφισταῖς
1785 1361 1996 1401 Wcrnsdorf.)

1152 1418 1200 1453 τῆς
1214 1416 1368 1453 εὐστομίας
1382 1416 1570 1454 ἀφίστανται.
1599 1413 1847 1444 l'hil‹›st1·at.Vit.
1863 1413 1997 1455 Sophist.

1155 1467 1181 1497 I.
1195 1468 1226 1496 8.
1242 1479 1272 1509 p.
1283 1468 1364 1507 489:
1386 1469 1564 1505 Φαβωρῖνον
1579 1466 1632 1495 τὸν
1649 1466 1821 1504 φιλόσοφον
1837 1465 1854 1502 ἡ
1871 1464 1996 1504 εὐγλωτ-

1154 1520 1201 1549 τία
1222 1519 1254 1548 ἐν
1275 1521 1433 1558 σοφισταῖς
1457 1517 1619 1556 ἐκήρυττεν.
1666 1517 1792 1557 Eunap.
1811 1515 1840 1546 in
1859 1515 2000 1546 Maximo

1156 1581 1186 1612 p.
1198 1578 1249 1610 50.
1267 1569 1316 1599 cd.
1330 1569 1487 1599 B‹›iss0n.:
1516 1569 1641 1598 ἐνταῦθα
1657 1569 1672 1597 ὁ
1689 1567 1837 1605 Εὐσέβιος
1859 1569 1912 1605 τὴν
1935 1568 2000 1597 ἑαυ-

1156 1623 1206 1651 τοῦ
1231 1620 1362 1652 πετάσας
1386 1620 1575 1659 εὐγλωττίαν,
1601 1619 1647 1649 καὶ
1674 1619 1706 1648 τὸ
1733 1619 1877 1656 εὔστομοι]
1900 1618 1947 1648 ἐπὶ
1969 1617 2001 1648 τὸ

580 1677 649 1707 Vid.
670 1676 811 1707 Boisson.
828 1675 865 1706 ad
883 1686 952 1706 eum
976 1687 1004 1716 p.
1019 1685 1092 1716 304.
1113 1674 1137 1701 E
1157 1672 1278 1712 φράζειν
1294 1673 1445 1702 ἀκώλυτον
1461 1672 1547 1710 ἀφεὶς
1562 1670 1716 1709 φέρεσθαι.
1744 1670 1797 1699 Cr.

1201 1736 1232 1764 p.
1259 1723 1343 1753 lxvii.
1368 1722 1391 1753 b.
1429 1725 1467 1764 τῷ
1499 1722 1715 1752 διασιλλαίνειν
1746 1720 1849 1763 αὐτὸν]
1890 1719 2003 1751 Pollux

1159 1774 1258 1805 VIII.
1284 1776 1349 1812 148.
1379 1774 1463 1804 novit
1490 1773 1580 1804 ctiam
1606 1772 1733 1803 alteram
1759 1772 1889 1802 formam
1919 1770 2003 1801 verbi

1159 1828 1342 1859 ὃιασιλλοῦν,
1368 1825 1420 1855 ubi
1449 1825 1510 1855 vid.
1537 1823 1716 1854 IIemstcrh.
1746 1835 1776 1865 p.
1804 1832 1891 1863 1132.
1916 1822 2005 1863 cujus

1155 1877 1308 1919 judicium
1325 1876 1485 1907 confirmat
1499 1875 1697 1917 Phrynichus
1713 1874 1742 1904 in
1759 1873 1890 1904 Bckkeri
1906 1875 2006 1904 Anec-

1160 1928 1236 1959 dou.
1262 1940 1292 1971 p.
1310 1929 1360 1970 36.
1384 1939 1430 1968 19.
1449 1938 1496 1959 20.
1538 1926 1701 1968 Eunapius
1724 1925 1754 1955 in
1778 1923 1950 1955 Prooeresio
1974 1935 2006 1966 p.

1162 1981 1214 2010 ὃὸ.
1232 1992 1278 2022 sq.
1302 1980 1413 2010 Boiss.:
1443 1980 1509 2018 περὶ
1532 1980 1563 2009 δὲ
1586 1980 1635 2016 τῆς
1662 1977 1820 2016 διαφωνίας
1843 1976 1937 2006 αὐτῶν
1958 1977 2008 2013 τῆς

252 2048 281 2069 ct
304 2038 342 2068 dc
367 2037 535 2068 Cleodamo
558 2036 637 2066 dixit
659 2036 712 2065 Jo.
732 2034 878 2076 Toupius
900 2034 939 2064 ad
964 2033 1099 2074 Longini
1120 2036 1142 2062 F
1163 2033 1234 2062 κατὰ
1257 2031 1309 2068 τὴν
1332 2030 1439 2061 στάσιν
1462 2029 1673 2060 διασιλλαίνων
1696 2027 1836 2063 ἅπαντας,
1852 2025 1891 2056 ad
1915 2037 2007 2067 quem

256 2091 413 2131 Fragmm.
431 2088 532 2118 VIII.
545 2099 575 2127 4.
594 2098 623 2129 p.
638 2096 712 2128 545.
727 2098 773 2127 sq.
789 2085 836 2116 ed.
852 2085 971 2115 VVcislx'.
998 2086 1053 2115 (Jr.

290 2153 319 2183 p.
335 2140 417 2170 lxvii.
434 2139 457 2170 k·
475 2137 817 2177 Μάξιμον-Μεγάλου]
839 2137 878 2167 In
895 2136 1017 2166 nomine
1032 2147 1102 2177 pro-

257 2193 324 2235 prio
335 2191 456 2221 videtur
466 2190 643 2221 Numenius
658 2188 799 2219 consulto
813 2187 956 2218 rariorem
971 2188 1101 2218 formam

257 2243 418 2285 amplexus
440 2254 515 2277 csse,
539 2241 576 2271 dc
600 2252 662 2282 qua
687 2240 821 2270 Fischer.
846 2239 884 2269 ad
903 2237 1031 2269 IVellcr.
1053 2238 1102 2268 II.

258 2307 289 2337 p.
306 2296 354 2333 67.
403 2294 439 2323 In
456 2292 522 2322 loco
539 2291 738 2333 Alciphronis
755 2291 856 2332 Epist.
875 2291 923 2321 II.
939 2300 968 2331 3.
987 2301 1016 2331 p.
1029 2299 1103 2330 300.

259 2345 308 2376 cd.
322 2345 473 2385 IVagucr.
489 2342 586 2373 codex
603 2350 705 2372 noster
719 2341 878 2372 Palatinus
896 2340 1041 2371 Heidelb.
1059 2351 1102 2369 nr.

1162 2082 1261 2112 locum
1290 2081 1379 2123 plura
1404 2080 1490 2111 dedit
1514 2079 1679 2122 W'yttcnb.
1708 2090 1739 2121 p.
1759 2080 1831 2119 318.
1854 2090 1899 2119 sq.
1927 2077 2010 2108 addo

1164 2132 1326 2164 Iamblich.
1337 2132 1367 2162 in
1379 2133 1533 2172 Protrept.
1541 2130 1581 2160 ad
1594 2130 1729 2172 Pythag.
1742 2129 1849 2171 Symb.
1864 2129 2007 2159 XXXI.

1163 2196 1193 2226 p.
1211 2185 1283 2225 368.
1312 2182 1438 2213 Kiessl.:
1473 2183 1628 2212 αἰνίττεται
1657 2182 1708 2211 οὖν
1733 2181 1769 2212 ὡς
1792 2181 1826 2211 οὐ
1849 2183 1895 2211 δεῖ
1917 2182 2011 2212 καλῶς

1163 2234 1390 2275 βεβουλευμένα
1405 2233 1560 2273 πράγματα
1579 2233 1625 2262 καὶ
1645 2233 1775 2271 δόγματα
1795 2232 2011 2262 διασιλλαίνειν

1165 2288 1236 2326 μηδὲ
1259 2287 1435 2322 διαδακνεῖν,
1459 2284 1511 2314 ubi
1538 2283 1612 2314 edit.
1640 2282 1759 2313 Arccrii
1784 2282 1898 2324 pariter
1917 2289 2011 2324 atque

1169 2338 1198 2368 h.
1217 2337 1237 2367 l.
1262 2336 1325 2367 (luo
1353 2335 1455 2366 Codd.
1482 2334 1587 2372 nostri,
1611 2334 1719 2365 vitiose
1745 2333 1838 2364 habet
1865 2333 2011 2364 διασιλαί-

265 2407 341 2438 132:
367 2396 400 2426 οὐ
416 2395 492 2434 μέγα
509 2395 538 2424 δὲ
556 2394 602 2423 καὶ
616 2393 668 2424 τὸν
685 2393 843 2432 Εὐφράτην
859 2394 930 2422 ἰδεῖν
945 2405 950 2425 ;
976 2392 1009 2421 οὐ
1028 2391 1105 2429 μέγα
1123 2395 1150 2423 G
1169 2401 1238 2420 νειν.
1270 2388 1325 2418 Cr.

261 2450 291 2478 δὲ
309 2448 355 2478 καὶ
370 2446 422 2476 τὸν
433 2445 553 2483 Ἴστρον
569 2446 642 2474 οὕτω
658 2443 792 2483 μεγάλον
807 2445 888 2482 (cum
906 2441 1043 2483 reliquis)
1060 2442 1105 2471 καὶ

262 2500 277 2529 ὁ
295 2498 470 2537 Θερμώδων,
489 2497 504 2525 ὁ
519 2496 636 2534 Τίγρης,
654 2496 669 2524 ὁ
685 2494 788 2529 ’Ἀλυς,
807 2495 822 2524 ὀ
842 2493 961 2531 Ῥῆνος;
990 2492 1041 2522 ubi
1061 2499 1106 2522 ta-

264 2561 332 2580 men
357 2548 395 2579 de
419 2546 561 2577 Dorvillii
586 2546 763 2587 conjectura
789 2556 825 2574 ex
851 2544 980 2586 ejusque
1004 2543 1108 2573 codice

264 2612 346 2633 nunc
361 2599 478 2630 editum
496 2605 557 2628 cst:
576 2597 609 2627 οὐ
626 2600 682 2627 τῶν
696 2596 836 2636 μεγάλων
853 2596 898 2626 καὶ
914 2597 929 2625 ὁ
947 2598 1042 2635 Θερμ.
1068 2595 1108 2625 In

266 2651 450 2683 Animade.
463 2648 597 2681 Jacobsii
613 2648 643 2678 in
657 2647 784 2678 Anthol.
799 2648 857 2678 Gr.
872 2647 910 2677 T.
923 2647 980 2677 VI.
994 2658 1025 2688 p.
1036 2648 1107 2688 383.

266 2705 300 2735 οὐ
315 2703 448 2743 μεγάλου
463 2711 626 2743 operarum
644 2699 719 2730 vitio
734 2698 857 2729 videtur
877 2697 1024 2740 scriptum
1046 2708 1110 2728 esse

1211 2451 1242 2481 p.
1262 2438 1346 2469 lxvii.
1364 2445 1388 2468 ³.
1416 2440 1467 2468 τοῦ
1493 2437 1548 2467 ὑπὸ
1576 2436 1628 2474 τὴν
1654 2436 1726 2475 πρὸς
1752 2436 1825 2473 ἡμᾶς
1851 2434 2013 2473 ὁμολογίαν

1167 2490 1353 2530 ὑπαγομένων
1369 2491 1439 2529 πρός
1454 2489 1566 2530 τινων,]
1596 2487 1657 2524 Qui
1681 2487 1738 2517 sub
1761 2487 1861 2528 ipsum
1885 2495 2012 2515 consen-

1169 2553 1235 2572 sum
1265 2541 1422 2571 nobiscum
1450 2539 1689 2570 intercedentem
1715 2549 1733 2568 a
1760 2535 1914 2567 nonnullis
1943 2547 2014 2566 reus

1168 2593 1282 2635 agitur,
1299 2592 1354 2622 nisi
1378 2592 1457 2622 forte
1482 2590 1647 2633 legendum
1667 2588 1723 2620 ὑπὸ
1743 2587 2011 2626 τῆς--ὁμολογίαςῑ

1169 2652 1296 2687 propter
1316 2654 1507 2674 consensum.
1547 2641 1701 2680 Ὕπάγειν,
1718 2647 1747 2670 et
1769 2637 1889 2680 plenius
1912 2638 1952 2669 εἷς
1972 2637 2014 2667 56-

1172 2709 1223 2735 κην
1238 2695 1373 2735 ὑπάγειν,
1390 2701 1434 2725 est
1450 2704 1602 2725 accusare.
1636 2690 1705 2722 vid.
1724 2688 1837 2721 Timaei
1853 2689 1933 2719 Lex.
1950 2687 2017 2719 Pla-
