2201 2990
609 132 765 163 VITAM
790 132 1017 162 AUCTORE
1044 132 1334 163 PORI'HYRIO.
1358 144 1386 175 p.
1404 133 1641 168 lxxvii—lxxix.

1898 152 1999 172 CXXXV

247 219 337 249 Hane
352 228 476 260 operam
492 228 510 247 a
527 215 702 258 Porphyrio
717 215 747 245 in
766 215 879 245 Plotini
895 215 1015 257 scriptis
1030 215 1089 246 eol·
1109 217 1135 244 A
1154 218 1244 248 Θεΐος
1273 219 1288 247 ὁ
1318 220 1367 256 τῆς
1398 219 1534 251 ἐννεάδος
1561 222 1678 260 ἀριθμὸς
1706 224 1736 253 ἐκ
1763 228 1848 263 τριῶν
1874 227 1996 265 τριάδων

245 269 372 300 locatam
400 268 503 309 inique
529 267 749 308 interpretatur
771 267 901 297 Matter.
928 266 956 296 in
982 267 1090 307 Essay

246 320 432 361 Historique
446 329 503 349 sur
517 318 615 347 Z’Z’cole
629 317 853 348 d’Aleaeamlr-ie
870 318 897 347 Ι.
915 329 946 359 p.
963 327 1035 358 319.
1059 325 1089 348 et

244 371 273 401 in
295 369 432 401 Histoire
453 368 582 410 critique
605 367 647 398 du
671 367 875 398 Gnosticisme
893 369 942 399 II.
968 380 997 410 p.
1014 372 1087 409 467.

244 423 297 452 Tu
313 420 381 450 vide
397 431 467 461 quae
490 430 582 459 supra
600 418 774 449 monuimus
795 419 831 449 ad
853 419 986 460 Longini
1007 420 1085 462 epis-

243 472 333 503 tolam
351 482 376 501 c.
397 471 499 500 XIX.
517 471 570 500 fin.
589 481 619 512 p.
637 479 705 510 125.
724 482 769 511 sq.
786 470 833 500 ed.
852 471 973 501 Fabric.
1006 473 1061 502 Cr.

285 534 315 564 p.
337 521 455 552 lxxviii.
474 528 498 551 C.
530 522 581 553 τὰς
604 522 711 553 οἰκείας
736 522 890 554 ὑποθέσεις
917 524 957 554 εἰς
980 523 1086 553 ταύτὸν

1151 269 1352 306 πληρούμενος
1373 269 1419 299 καὶ
1439 271 1490 301 τὰς
1509 271 1667 309 ἀκρότητας
1683 276 1731 310 τῆς
1747 277 1902 315 θεολογίας
1924 280 1995 308 κατὰ

1149 317 1200 355 τὴν
1216 319 1380 358 χαλδαϊκὴν
1399 322 1595 360 φιλοσοφίαν,
1613 323 1650 354 ὥς
1671 328 1763 361 φησιν
1785 327 1800 354 ὁ
1818 329 1993 367 Πορφύριος,

1148 369 1316 405 ἁποσώζων.
1343 370 1395 400 ubi
1419 371 1478 401 vid.
1495 379 1613 402 annott.
1652 373 1724 403 Alia
1747 376 1834 415 posui
1858 378 1895 407 ad
1923 378 1992 408 Plo-

1149 419 1202 449 tini
1219 419 1330 451 librum
1348 421 1386 451 de
1403 422 1537 452 numeris
1555 424 1637 453 Eun.
1652 424 1707 454 VI.
1726 424 1778 454 lib.
1798 428 1828 456 6.
1862 428 1915 458 Cr.

1191 482 1221 513 p.
1240 471 1357 502 lxxviii.
1375 474 1393 502 ¹.
1421 475 1451 503 τί
1471 474 1502 503 τὸ
1529 475 1628 516 ζῶον,]
1670 481 1688 490 “
1703 476 1832 506 Numeri
1864 479 1993 510 minores

1147 521 1209 552 sive
1225 522 1307 553 cifrae
1325 523 1515 565 singulorum
1534 524 1680 556 librorum
1699 526 1795 557 titulis
1818 540 1836 558 a
1854 540 1900 558 me
1917 542 1992 571 pra»-

240 574 442 616 συναγαγών·]
469 578 489 591 “
505 573 625 614 Scripta
641 573 738 603 affinis
753 573 927 613 argumenti
944 573 973 604 in
988 586 1083 604 unum
1103 578 1126 605 B
1146 573 1216 603 fixae
1233 573 1395 615 designant
1412 575 1512 606 locum
1528 587 1620 617 quem
1638 577 1728 607 iidcm
1750 578 1817 608 libri
1841 590 1991 622 occupant

239 625 437 666 conjungens
485 626 641 654 Ca‘terum
672 624 710 654 (le
738 624 926 666 Apollodoro
954 625 1034 663 vide,
1061 625 1083 656 si

238 677 348 718 placet,
363 688 434 717 quac
456 675 521 705 dixi
546 675 597 705 lib.
617 676 684 706 III.
708 688 734 706 c.
753 685 802 715 27.
822 674 919 716 [Bibl.
939 677 996 707 Gr.
1016 677 1082 707 Vol.

240 727 298 757 IV.
322 739 352 769 p.
371 736 442 767 297.
461 726 584 757 Harlcs.
612 727 651 757 cf.
670 726 853 768 Apollodori
871 727 986 768 Fragg.
1007 729 1083 758 VII.

238 790 269 820 p.
286 789 357 817 440.
378 778 492 820 Heynii
509 777 557 808 ed.
573 778 639 819 alt.]
660 786 689 808 et
706 778 744 808 de
761 778 943 809 Andronico
960 779 1084 809 Rhodio

237 829 291 860 lib.
315 830 383 860 III.
407 842 433 860 c.
459 840 503 860 11.
524 828 642 871 [potius
664 842 689 860 c.
708 830 735 861 8.
755 830 813 860 i.e.
832 830 910 860 Bibl.
938 831 994 861 Gr.
1014 831 1081 861 Vol.

238 882 293 912 IV.
313 881 341 911 in
360 881 509 922 Catalogo
526 881 801 922 Peripateticorum
819 893 848 923 p.
866 883 955 921 1464.
968 894 1013 924 sq.
1032 882 1079 913 ed.

1145 623 1224 655 inter
1248 625 1362 656 Plotini
1391 626 1502 668 scripta
1529 627 1635 658 ordine
1658 629 1875 671 chronologico
1899 643 1991 673 supra

1145 687 1170 706 c.
1183 686 1214 714 4.
1232 688 1277 718 sq.
1294 688 1312 707 a
1329 677 1504 720 l'orphyrio
1521 679 1676 711 recensita.
1717 681 1764 711 Ibi
1782 681 1859 712 liber
1876 683 1992 723 primus

1145 727 1304 758 Enneadis
1327 728 1434 770 primm
1457 729 1633 761 inscribitur
1654 732 1683 761 τί
1702 733 1716 761 ὁ
1739 733 1898 772 ἄνθρωπος,
1916 735 1945 764 τί
1959 735 1991 764 τὺ

1144 781 1225 814 ζῶον,
1244 787 1334 817 recte,
1352 791 1420 810 nam
1442 780 1482 811 ita
1505 789 1535 811 et
1551 782 1634 824 apud
1653 783 1849 814 Macrobium
1870 785 1919 815 II.
1940 794 1989 816 12.

1143 828 1172 859 in
1199 831 1304 860 Somn.
1331 831 1411 873 Scip.
1436 833 1512 874 quid
1535 834 1665 869 (ιιιίηιαῖ,
1688 835 1764 876 qnid
1785 835 1897 866 homo?
1936 837 1990 867 Ab

1142 880 1249 911 eodem
1280 882 1442 913 Macrobio
1469 884 1519 914 lib.
1542 885 1568 914 I.
1594 897 1618 915 c.
1639 895 1664 916 2.
1691 886 1818 917 affertur
1841 887 1926 918 locus
1952 899 1988 918 ex

236 932 341 975 Harl]
389 932 534 962 Similiter
558 932 726 963 Democriti
750 944 784 963 ac
809 932 946 963 Platonis
970 934 1082 975 scripta
1100 940 1122 967 C
1144 932 1258 963 Plotini
1280 934 1319 964 de
1336 935 1511 966 Virtutibus
1534 935 1622 973 libro,
1647 936 1694 967 cui
1719 937 1809 973 adde,
1832 938 1855 968 si
1878 938 1988 980 placet,

235 985 264 1015 in
282 984 456 1025 teti-alogias
475 984 601 1026 digessit
619 984 833 1026 Thrasyllus.⁵³
857 985 984 1015 Fabric.
1032 986 1080 1016 De

236 1035 393 1078 Thrasylli
419 1036 475 1066 boc
497 1036 637 1066 instituto
660 1035 722 1066 vid.
740 1036 874 1077 Diogen.
894 1037 994 1067 Laert.
1013 1037 1079 1067 IX.

234 1097 285 1128 45.
305 1087 373 1118 coll.
392 1088 459 1117 III.
477 1088 527 1128 56.
551 1093 580 1117 et
598 1087 638 1117 ef.
659 1088 730 1129 Igu.
751 1087 840 1118 Rossi
857 1089 1078 1119 Commentatt.

235 1139 354 1169 Laertt.
372 1151 400 1181 p.
416 1149 485 1179 203.
502 1146 532 1169 et
549 1138 668 1169 Fabric.
688 1140 724 1169 B.
741 1140 798 1169 Gr.
816 1139 882 1169 Vol.
898 1140 965 1170 III.
984 1152 1014 1181 p.
1030 1148 1078 1179 70.

234 1202 301 1232 sqq.
331 1198 360 1220 et
388 1202 418 1232 p.
447 1200 513 1229 190.
541 1190 662 1220 Ilm-les.
711 1191 749 1220 In
780 1190 916 1232 trilogias
946 1191 1080 1222 Platonis

233 1241 347 1283 scripta
376 1241 573 1271 distribuerat
602 1241 825 1283 Aristophanes
850 1243 1079 1273 Grammaticus

1142 996 1212 1025 quae
1228 985 1267 1015 de
1281 986 1431 1027 gradibus
1448 987 1598 1018 virtutum
1621 988 1725 1030 scripsi
1749 988 1778 1018 in
1799 989 1989 1031 Prolegome-

1141 1036 1187 1065 uis
1210 1036 1248 1066 ad
1266 1037 1358 1067 vitam
1379 1038 1479 1069 Procli
1499 1039 1696 1081 compositam
1714 1052 1731 1070 a
1748 1041 1902 1072 Marino.”
1926 1042 1990 1072 Fa-

1140 1087 1216 1117 bric.

1140 1149 1207 1168 rum
1227 1139 1338 1170 Plotini
1354 1140 1490 1171 diximus
1505 1141 1544 1171 ad
1561 1142 1727 1183 cujuslibet
1742 1142 1874 1173 initium.
1904 1144 1959 1174 Cr.

1264 1088 1312 1118 De
1335 1089 1442 1126 titulis,
1461 1090 1650 1131 argumentis
1673 1091 1873 1133 fontibusque
1896 1092 1987 1123 libro-

1183 1201 1212 1231 p.
1230 1190 1348 1222 lxxviii.
1364 1198 1388 1221 g.
1413 1193 1478 1231 περὶ
1501 1194 1707 1234 διαλεκτικῆς.]
1735 1198 1755 1211 “
1769 1195 1830 1224 Per
1853 1194 1986 1225 dialecti-

1139 1252 1204 1270 cam
1235 1241 1375 1272 Plotinus
1403 1243 1529 1284 perinde
1559 1252 1591 1274 ut
1620 1244 1710 1274 Plato
1738 1245 1984 1288 Metaphysicam

234 1293 327 1334 D10g2
345 1293 415 1323 III,
431 1294 481 1333 56,
499 1292 573 1334 ibiq,
591 1292 724 1323 Casaub.
742 1301 771 1323 et
790 1294 916 1334 Mcnag.
933 1293 972 1324 cf.
986 1294 1076 1324 otiam
1095 1302 1121 1328 D
1140 1291 1292 1333 intelligit,
1314 1293 1419 1334 itaque
1445 1305 1474 1334 p.
1495 1303 1543 1325 21.
1569 1294 1649 1325 illam
1674 1295 1798 1327 definit:
1825 1298 1986 1336 ἐπιστήμην

234 1343 502 1375 Schleiermacheri
521 1343 641 1373 Introd.
657 1343 687 1373 in
707 1344 850 1374 vernacnl
881 1356 956 1374 vers.
976 1345 1076 1375 Plato-

231 1396 278 1427 nis
293 1407 419 1438 operum
438 1407 469 1437 p.
488 1405 538 1436 23.
586 1396 740 1425 Caeterum
763 1395 793 1425 in
809 1395 963 1425 communi
980 1395 1078 1426 forma

232 1447 477 1488 κωμῳδιογράφον
492 1458 549 1488 pro
565 1458 600 1476 ea
613 1457 706 1487 quam
720 1446 858 1476 Atticam
872 1446 945 1477 dicit
960 1447 1077 1477 Moeris

233 1498 468 1540 κωμῳδογράφον
483 1497 576 1527 nostri
601 1497 669 1527 libri
692 1497 804 1539 pariter
820 1498 1015 1529 consentiunt
1031 1506 1077 1529 at-

230 1562 292 1592 que
314 1550 363 1580 alii
387 1550 416 1579 in
435 1548 574 1579 Diodoro
592 1548 649 1579 Sic.
669 1549 754 1579 XII.
776 1559 824 1586 14.
848 1561 877 1590 p.
894 1551 967 1588 487.
987 1550 1077 1580 Νοε-

230 1602 280 1633 sel.
298 1601 373 1632 etin
398 1600 525 1631 Scholiis
547 1600 585 1630 ad
605 1600 765 1642 Aristoph.
784 1600 889 1630 Nubb.
909 1602 981 1640 296.
1026 1602 1076 1632 De

1138 1343 1204 1382 περὶ
1227 1342 1355 1380 πάντων,
1380 1345 1413 1374 οὐ
1437 1346 1534 1382 δόξαν,
1556 1347 1715 1377 παύσασαι)
1738 1349 1768 1378 δὲ
1793 1350 1841 1386 τῆς
1864 1349 1928 1388 περὶ
1952 1349 1984 1379 τὸ

1138 1394 1278 1432 αἰσθητὸν
1294 1394 1407 1434 πλάνης
1423 1397 1613 1435 ε’νιδρύουσαν
1629 1400 1667 1439 τῷ
1685 1402 1776 1441 νοητῷ
1793 1401 1837 1430 καὶ
1856 1402 1917 1431 ἐκεῖ
1933 1401 1985 1439 τὴν

1137 1447 1339 1485 πραγματείαν
1356 1447 1514 1487 ἕχονσαν.”
1540 1449 1667 1479 Fabric.

1182 1509 1210 1539 p.
1227 1496 1343 1528 lxxviii.
1363 1498 1388 1528 ¹¹.
1414 1500 1439 1529 εἰ
1463 1500 1495 1529 ἐν
1517 1499 1681 1539 παρα-τάσει
1703 1502 1823 1542 χρόνον]
1857 1506 1876 1520 “
1892 1503 1983 1534 Titu-

1136 1547 1194 1586 lus,
1210 1548 1264 1590 qui
1288 1548 1364 1579 libro
1387 1549 1444 1591 ipsi
1465 1550 1544 1581 inter
1561 1551 1675 1582 Plotini
1691 1564 1783 1594 opera
1801 1554 1981 1595 praefigitur,

1137 1599 1178 1629 ita
1201 1611 1231 1630 se
1255 1600 1362 1631 habet:
1394 1603 1419 1631 εἰ
1442 1603 1623 1640 εὐδαιμονεῖν
1647 1604 1779 1635 ἐπίδοσιν
1804 1605 1855 1644 (al.
1882 1606 1980 1636 ἐπίτα-

229 1652 344 1695 quibus
359 1652 464 1682 formis
483 1663 582 1693 nuper
597 1651 742 1682 dixerunt
760 1652 924 1693 IVyttenb.
942 1653 979 1683 ad
999 1653 1074 1684 Plu·
1093 1656 1117 1683 E
1137 1653 1200 1690 σιν)
1225 1652 1333 1691 χρόνον
1358 1652 1525 1691 λαμβάνεις
1560 1654 1677 1684 Novam
1707 1655 1800 1697 liujus
1826 1656 1893 1687 libri
1918 1669 1983 1688 ver·-

230 1704 326 1736 tarch.
355 1716 385 1746 p.
403 1714 475 1744 434.
516 1704 587 1733 Ast.
614 1703 652 1733 ad
681 1703 802 1733 Platon.
833 1704 945 1745 Remp.
974 1705 1019 1735 X.
1046 1714 1074 1745 7.

228 1768 260 1799 p.
277 1757 348 1786 620.
366 1767 411 1797 sq.
432 1762 461 1785 et
478 1754 683 1796 Engelhardt.
700 1754 738 1784 ad
756 1754 938 1796 Apologiam
959 1767 987 1797 p.
1006 1765 1074 1797 150.

271 1819 302 1849 p.
319 1806 436 1837 lxxviii.
454 1806 479 1836 d.
504 1808 614 1836 διεῖλον
635 1807 689 1844 μὲν
711 1807 751 1838 εἷς
768 1806 798 1843 ἓξ
815 1806 979 1849 ἐννεάδας,]
1006 1808 1072 1837 Ευ-

229 1858 316 1889 docia
338 1858 367 1888 in
386 1858 509 1888 Plotino
531 1869 561 1899 p.
580 1860 660 1898 363:
688 1858 773 1887 Μετὰ
793 1859 883 1887 ταῦτα
906 1859 935 1887 δὲ
954 1858 1025 1897 πρὸς
1041 1859 1073 1889 τὸ

230 1910 356 1950 γράφειν
384 1910 500 1949 τραπεὶς
528 1912 560 1939 νδ
584 1910 693 1948 βιβλία
724 1908 862 1946 ἐξέδωκεν
890 1912 1071 1951 (Πλωτῖιός)

229 1961 313 1991 ἅτινα
329 1963 368 1992 εἰς
385 1962 414 1999 ἓξ
431 1960 569 1992 ε’ννεάδας
587 1961 602 1989 ὁ
618 1961 786 1999 Πορφύριος
800 1961 917 2000 ταχθεὶς
933 1961 978 1991 ὑπ’
997 1963 1071 1992 ἐκεί-

230 2026 280 2043 νου
301 2015 373 2051 μετό.
392 2013 443 2050 τὴν
465 2013 632 2051 ἀποβίωσιν
650 2014 768 2042 διεῖλεν.

229 2063 410 2093 Thessalon.
427 2075 515 2094 mser.
533 2063 562 2093 in
583 2063 739 2105 Porpbyr.
755 2063 879 2105 Isagog.
892 2063 922 2093 in
941 2065 1071 2106 Categg.

228 2114 258 2143 in
277 2113 354 2144 Cod.
373 2114 479 2144 Paris.:
509 2115 591 2147 οὗτος
614 2116 644 2145 δὲ
667 2116 682 2145 ὁ
706 2118 859 2147 Πλωτῖιός
883 2116 998 2156 ἔγραψε
1021 2119 1072 2149 τὰς

229 2166 301 2195 ἑπτὰ
319 2165 462 2197 ἐννεάδος.
501 2165 594 2198 Quod
613 2166 707 2196 errori
728 2166 759 2196 in
777 2177 973 2197 numerorum
993 2168 1071 2198 notis

227 2216 381 2258 frequenti
396 2216 529 2246 tribucre
549 2217 663 2254 malim,
680 2229 773 2259 quam
794 2218 939 2259 suspicari
958 2219 1070 2250 Eusto-

226 2267 365 2297 chianam
380 2268 582 2299 recensionem
598 2274 710 2311 septem
723 2269 925 2300 Euneadibus
936 2270 1070 2312 descrip-

227 2327 288 2350 tam
306 2318 353 2348 hic
371 2319 485 2360 respici.
517 2320 569 2350 Cr.

817 2013 934 2042 Contra
961 2013 1071 2043 David.
1092 2013 1114 2040 F

1136 1702 1249 1732 sionem
1275 1703 1419 1733 Latinam
1444 1704 1568 1735 exhibet
1590 1706 1736 1737 Barthius
1760 1708 1812 1738 lib.
1829 1716 1882 1749 50.
1902 1721 1929 1739 c.
1949 1710 1978 1739 8.

1136 1753 1315 1791 Adversar„
1330 1767 1423 1796 quam
1446 1756 1489 1787 ait
1511 1756 1702 1788 duodecenni
1728 1758 1785 1789 sibi
1806 1771 1903 1801 puero
1926 1772 1978 1791 ex-

1134 1805 1270 1836 cidisse.”
1294 1807 1421 1838 Fabric.

1178 1868 1207 1899 p.
1227 1856 1322 1888 lxxix.
1340 1857 1355 1888 i.
1379 1859 1444 1898 περὶ
1463 1861 1515 1889 τοῦ
1529 1861 1642 1899 πρώτου
1658 1862 1769 1900 ἀγαθοῦ
1787 1863 1833 1893 καὶ
1853 1866 1909 1894 τῶν
1926 1865 1978 1894 ἄλ-

1133 1911 1194 1938 λων
1214 1909 1359 1952 ἀγαθῶν.]
1385 1914 1405 1927 “
1421 1911 1522 1952 Supra
1542 1923 1567 1941 c.
1585 1913 1613 1942 6.
1632 1913 1698 1952 περὶ
1713 1916 1764 1943 τοῦ
1779 1915 1892 1953 πρώτου
1909 1916 1979 1955 ἁγα-

1134 1961 1194 1994 θοῦ,
1212 1958 1229 1997 ἦ
1245 1961 1310 2000 περὶ
1327 1961 1535 2000 εὐδαιμονίας.”
1560 1964 1687 1995 Fabric.

1177 2022 1205 2052 p.
1225 2011 1319 2042 lxxix.
1337 2012 1361 2042 k.
1385 2014 1476 2044 πόθεν
1492 2015 1527 2044 τὰ
1542 2013 1615 2044 κακά
1628 2016 1648 2056 ;]
1677 2019 1698 2033 “
1714 2016 1750 2045 In
1769 2015 1892 2047 Plotino
1913 2017 1979 2059 ipso

1133 2061 1241 2092 titulus
1270 2071 1315 2093 est
1344 2065 1409 2103 περὶ
1435 2067 1495 2100 τοῦ,
1524 2066 1589 2096 τίνα
1620 2066 1666 2096 καὶ
1695 2067 1786 2097 πόθεν
1816 2069 1849 2098 τὰ
1875 2067 1976 2098 κακιί.”

1131 2114 1257 2144 Fabric.

1174 2176 1204 2206 p.
1230 2165 1326 2196 lxxix.
1349 2165 1366 2197 ¹.
1396 2168 1689 2211 περὶ-ἐξαγωγῆς.]
1727 2175 1745 2184 “
1765 2170 1867 2211 Supra
1896 2182 1920 2200 c.
1945 2181 1975 2209 4.

1130 2218 1195 2256 περὶ
1222 2218 1346 2257 εὐλόγου
1375 2219 1531 2258 ἐξαγωγῆς.
1586 2221 1623 2250 In
1650 2220 1706 2251 hoc
1735 2221 1811 2251 libro
1838 2221 1975 2263 disputat,

1130 2279 1188 2298 non
1214 2276 1326 2298 temere
1352 2269 1408 2299 sibi
1436 2282 1538 2300 necem
1563 2283 1739 2313 quenquam
1766 2272 1877 2302 debere
1905 2284 1974 2303 con—

1128 2320 1262 2350 sciscere.
1312 2321 1400 2351 l‘rius
1425 2330 1527 2352 autem
1555 2323 1635 2353 huuc
1662 2323 1773 2353 librum
1802 2324 1973 2365 composuit

269 2382 300 2412 p.
322 2369 437 2400 lxxviii.
454 2377 476 2399 ff.
501 2372 533 2408 τῇ
557 2372 715 2409 τελειότητι
738 2373 789 2402 τοῦ
811 2372 841 2410 ἓξ
865 2373 995 2411 ἀριθμοῦ,
1021 2374 1067 2404 καὶ
1085 2377 1111 2404 G
1130 2371 1278 2409 Plotium,
1302 2384 1394 2413 quam
1422 2373 1461 2403 ad
1488 2385 1557 2403 eum
1588 2374 1780 2416 Porphyrius
1807 2375 1973 2410 accederet,

227 2425 289 2454 ταῖς
306 2421 442 2452 {twedam
458 2420 590 2459 ἀσμένως
608 2422 776 2462 ἐπιτυχών]
804 2423 852 2452 De
875 2423 992 2453 senario
1011 2435 1066 2454 nu-

225 2485 310 2504 mcro
332 2473 383 2502 JO.
404 2472 500 2501 Laur.
523 2471 633 2513 Lydus
655 2472 693 2502 de
717 2473 850 2503 Mensib.
875 2474 997 2504 Romm.
1016 2476 1065 2506 II.

229 2535 276 2555 10.
303 2535 332 2566 p.
354 2524 403 2553 68.
429 2534 495 2564 sqq.
519 2522 568 2552 cd.
590 2522 732 2552 Roethcr.
755 2531 785 2554 ct
807 2523 865 2554 alia
891 2524 1013 2567 collegit
1035 2534 1065 2557 et

225 2575 308 2605 haec:
333 2577 389 2604 τῶν
406 2575 461 2613 γὶιρ
478 2573 533 2603 ἀπὸ
552 2573 677 2611 μονάδος
695 2574 782 2611 μόνος
800 2574 912 2607 τέλειός
928 2577 990 2607 ἐστι
1005 2581 1065 2610 τοῖς

223 2628 326 2657 ἑαυτοῦ
348 2625 450 2664 μέρεσι
471 2629 574 2655 κ,τ.λ.
620 2625 669 2654 De
692 2625 855 2654 novenario
877 2625 968 2664 idem,
988 2628 1064 2658 Por-

224 2677 368 2719 phyrium
398 2676 497 2718 ipsum
527 2675 664 2712 laudans,
689 2674 761 2705 ibid.
786 2676 843 2706 IV.
862 2678 909 2716 78.
934 2689 964 2719 p.
985 2680 1061 2709 280:

1128 2423 1231 2465 itaque
1246 2423 1284 2454 de
1300 2424 1359 2454 alio
1375 2424 1441 2465 ejus
1460 2425 1572 2465 scripto
1587 2425 1786 2466 intelligenda
1802 2432 1883 2462 sunt,
1900 2438 1970 2467 qua·

1127 2486 1220 2516 supra
1235 2487 1262 2505 c.
1282 2475 1328 2505 II.
1347 2475 1522 2517 legu1itur.”
1545 2477 1672 2506 Fabric.

1168 2537 1199 2568 p.
1217 2526 1312 2556 lxxix.
1331 2533 1366 2555 ¹¹¹.
1390 2527 1455 2565 περὶ
1478 2529 1528 2556 τοῦ
1552 2527 1687 2569 κόσμον]
1718 2534 1735 2542 ‘¹
1752 2526 1870 2567 Allegat
1896 2526 1967 2556 Phi-

1125 2576 1255 2618 loponus
1282 2578 1389 2607 XIII.
1412 2587 1458 2618 15.
1483 2586 1588 2608 contra
1616 2578 1759 2608 Proclum
1787 2577 1825 2607 de
1853 2576 1966 2606 Mundi

1123 2629 1322 2659 aetcrnitate.”
1346 2630 1471 2659 Fabric.

1166 2692 1194 2720 p.
1214 2679 1309 2710 lxxix.
1323 2687 1348 2709 ¹¹.
1373 2682 1438 2719 περὶ
1453 2683 1502 2718 τῆς
1518 2682 1732 2721 κυλλοφορίας.]
1756 2685 1776 2698 “
1790 2681 1826 2709 In
1842 2679 1965 2710 l'lotino
