2201 2990
613 122 769 152 VITAM
796 121 1022 152 AUCTORE
1048 122 1337 152 PORPHYRIO.
1362 133 1393 163 p.
1410 122 1472 152 lxii.
1491 122 1564 154 lxiii.

1908 125 1965 156 cvii

215 209 281 240 sil.:
307 213 327 227 ‘⁴
342 208 445 238 When
464 207 514 237 the
530 213 616 248 great
632 206 836 247 emergencies
852 206 887 236 of
906 205 957 236 the
978 212 1055 236 state
1074 208 1099 234 Α
1120 206 1203 236 111010
1226 206 1359 243 studuit,
1376 207 1518 248 quamvis
1540 207 1666 244 frustra,
1688 220 1734 239 me
1753 210 1869 251 judice,
1886 210 1962 241 illud

215 260 356 303 required
378 259 424 290 his
445 269 587 300 presence
607 257 667 287 and
687 256 850 293 attention,
867 256 905 286 he
922 268 981 286 was
1002 267 1053 286 en-

213 311 312 354 gaged
329 311 358 340 in
374 308 583 340 conversation
602 307 672 338 with
691 307 742 338 the
760 307 964 348 Philosopher
981 306 1053 337 Plo-

214 361 329 398 tinus‚'’
348 362 400 391 &c
448 359 529 397 Quin
545 359 636 389 etiam
654 358 834 395 Eckhelius,
852 364 886 388 ut
909 357 999 388 etiam
1017 370 1054 388 cx

214 411 376 444 Germanis
395 410 528 452 aliquem
545 409 685 446 excitem,
701 409 754 450 qui
773 420 871 450 nuper
886 408 1053 439 admodum

211 463 250 494 de
266 463 321 493 1100
339 463 530 504 Imperatore
546 460 740 502 judicarunt,
758 459 927 490 Eckhelius
948 460 1053 501 igitur,

212 513 257 544 vir
283 512 438 554 ceteroqui
464 512 641 542 moderatus
667 518 695 542 et
718 511 833 553 justus,
860 511 890 541 in
918 512 1052 542 D.N.V.

213 566 289 596 VII.
315 576 344 606 p.
361 573 433 605 395.
459 564 591 594 monstri
616 563 767 593 vocabulo
795 563 973 594 Gallienum
1000 563 1053 593 de·
1074 569 1097 595 B

880 614 982 655 [Add.
1010 615 1054 645 H.

212 666 416 709 Cannegieter
439 667 489 696 De
516 673 634 696 mutata
658 667 870 696 Romanorum
895 665 1055 696 nominum

211 719 269 749 sub
288 717 478 760 Principibus
493 717 609 747 ratione
627 718 680 748 810.
699 728 730 759 p.
744 718 826 758 ]34.]
859 717 919 747 His
930 717 1056 759 judiciis

211 770 374 801 oblocutus
390 776 434 799 est
449 769 559 806 obiter,
578 776 611 799 ut
628 768 658 798 in
674 768 734 798 alio
748 776 933 810 argumento
955 768 1057 799 elabo-

211 833 291 858 ranS,
310 822 351 851 A.
367 821 408 852 G.
430 831 492 851 van
514 820 648 862 Capelle,
669 819 716 850 vir
733 820 858 862 juvenis
880 820 1001 858 doetus,
1026 820 1055 851 111

212 872 430 914 Dis-putatione
452 872 558 913 inaug.
576 872 625 902 De
642 871 780 902 Zenobia
798 871 1054 913 Palmyrenorum

212 616 322 658 signat,
348 623 378 646 et
404 616 553 645 hovn'nem
580 615 721 656 ineptum
748 614 832 645 dicit.

211 925 368 965 Augusta.
393 923 481 965 Traj.
505 923 543 953 ad
569 923 671 954 Rhen.
691 923 782 962 1817.
807 935 875 953 cum
900 923 929 953 in
955 923 1056 954 libello
1075 932 1097 959 C

210 975 277 1017 ipso
289 974 433 1005 Trebellii
451 983 480 1005 et
494 974 624 1005 Victoris
641 974 731 1005 fidem
749 974 870 1005 elevans
887 986 917 1016 p.
932 985 1055 1017 11.sqq.

212 1034 276 1057 tum
294 1027 325 1057 in
343 1026 440 1057 Thesi
455 1026 494 1057 ad
511 1025 623 1056 calcem
639 1025 760 1068 adjecta
776 1026 818 1056 ita
834 1026 1054 1068 pronuntians:

211 1082 231 1096 ‘⁶
246 1078 407 1109 Gallienus
430 1077 554 1107 minime
572 1084 633 1108 tam
651 1077 749 1108 malus
770 1077 829 1108 fuit
853 1078 1005 1120 princeps,
1023 1090 1057 1109 ac

213 1129 390 1160 Trebellius
405 1128 500 1159 Pollio
511 1136 542 1159 et
553 1128 657 1159 Victor
670 1140 739 1159 eum
754 1128 850 1159 videri
865 1129 1058 1160 voluei·unt.”

212 1182 259 1212 At
274 1180 377 1222 gravis
392 1180 504 1210 vindex
521 1180 619 1210 eidem
639 1180 824 1222 Imperatori
848 1180 955 1211 eodem
981 1188 1055 1211 tem-

212 1244 286 1274 pore
313 1231 429 1262 exstitit
452 1231 507 1262 Vir
532 1231 726 1262 Clarissimus
750 1231 853 1262 David
877 1232 1016 1262 Jaeobus
1038 1244 1057 1262 [ι

1117 257 1231 287 addere
1248 257 1353 287 liceat:
1372 257 1444 287 bina
1460 257 1594 287 olfecisse
1610 258 1705 288 videri
1723 260 1811 290 famae
1829 262 1962 292 Gallieni

1117 308 1201 349 apud
1230 308 1367 349 profante
1391 308 1461 338 fidei
1487 308 1683 350 historiaeque
1707 311 1878 352 scriptores,
1902 313 1962 354 pri-

1118 369 1202 388 mum
1216 358 1300 400 quod
1319 358 1367 389 hic
1383 358 1447 400 ipse
1464 358 1641 389 mitissimus
1657 361 1772 391 exstitit
1788 374 1860 403 erga
1874 364 1963 394 Chri—

1117 410 1230 440 stianos
1244 410 1376 449 (Euseb.
1389 411 1486 441 VIII.
1502 421 1546 451 13.
1560 411 1598 441 cf.
1610 423 1667 441 van
1683 412 1823 454 Leimep.
1836 426 1866 455 p.
1878 416 1960 455 108.)

1118 461 1200 492 unde
1222 462 1313 492 etiam
1338 461 1415 492 salsa
1439 461 1488 492 illa
1512 461 1609 492 irrisio
1628 463 1694 504 ejus
1710 464 1828 494 Juliani
1845 465 1874 494 in
1893 468 1959 496 Ca·-

1117 513 1246 550 suvibus,
1264 513 1407 548 alterum,
1422 513 1505 555 quod
1524 513 1756 544 necessitatibus
1773 515 1812 545 rei
1830 516 1962 557 publica—

1117 571 1289 594 eommotus
1311 565 1605 595 Marcomannorum
1632 565 1712 606 regis
1736 566 1829 596 filiam
1854 567 1962 607 Pipam

1117 627 1139 645 s.
1166 615 1309 657 Piparam
1336 615 1365 645 in
1393 615 1632 646 concubinatum
1657 617 1810 655 assumsit,
1834 618 1963 660 ejusque

1117 666 1197 708 patri
1215 666 1383 697 Pannoniae
1400 674 1518 708 partem
1536 674 1693 709 tamquam
1718 679 1804 698 suam
1829 668 1885 698 sibi
1909 669 1961 699 ba-

1116 717 1188 748 bere
1204 718 1351 760 permisit.
1399 718 1459 748 Sed
1476 718 1607 748 eundem
1634 719 1762 750 maritali
1786 728 1888 750 tamen
1912 721 1964 751 ho-

1117 781 1191 799 nore
1220 769 1312 800 solam
1341 769 1467 811 dignam
1495 769 1639 800 habuisse
1667 770 1854 809 Saloninam,
1878 772 1965 813 justo

1117 820 1263 862 conjugio
1279 821 1335 851 sibi
1354 821 1507 863 junctam,
1524 829 1662 861 arguunt
1686 822 1784 860 numi,
1803 834 1964 860 marmora,

1337 874 1416 903 Haec
1444 872 1482 903 de
1508 872 1691 914 scriptorum
1720 873 1749 903 in
1775 874 1965 905 Christianos

1117 924 1264 966 odiojam
1290 924 1463 967 suspicatus
1478 932 1521 954 est
1541 924 1734 955 Schwarzius
1750 936 1779 967 p.
1795 932 1841 965 17.
1873 927 1965 956 Com-

1118 976 1313 1006 mentationis
1342 987 1414 1006 mox
1444 975 1619 1006 laudandae.
1673 977 1782 1018 Atque
1814 977 1965 1019 Lennepii

1119 1027 1259 1058 vindiciae
1276 1039 1375 1070 nuper
1389 1026 1558 1057 admodum
1579 1026 1664 1057 haud
1680 1027 1758 1058 levia
1774 1028 1967 1058 firmamenta

1119 1086 1190 1109 sunt
1215 1087 1304 1109 nacta
1327 1090 1342 1109 e
1368 1078 1555 1109 membranis
1576 1078 1738 1109 Vaticanis,
1784 1079 1910 1109 Etenim
1935 1079 1964 1109 in

1118 1129 1176 1160 illis
1192 1130 1268 1160 Post
1283 1131 1415 1160 Dionem
1434 1130 1604 1171 Earerpti-s‘
1623 1129 1706 1169 (Vol.
1727 1130 1773 1160 II.
1798 1130 1964 1172 Scriptorr.

1119 1181 1201 1211 Vett.
1220 1182 1309 1211 Nova
1327 1180 1476 1211 Collectio
1496 1180 1642 1211 Vaticana
1660 1180 1707 1211 ed.
1726 1182 1812 1223 Ang.
1831 1181 1910 1212 Maii
1933 1193 1964 1224 p.

1118 872 1289 915 scriptores.

1121 1233 1313 1272 236—238.)
1330 1232 1412 1262 haud
1431 1244 1530 1273 pauca
1545 1232 1661 1270 insunt,
1679 1244 1750 1274 quae
1769 1233 1855 1263 nobis
1871 1233 1965 1264 alium

211 1284 338 1325 Lennrp
352 1283 380 1313 in
392 1284 616 1325 Disputatione
627 1294 689 1325 pro
699 1284 893 1325 Imperatore
905 1284 1056 1320 Gallieno,
1075 1289 1101 1316 D
1118 1283 1209 1325 plane
1232 1283 1409 1314 Gallienum
1434 1283 1591 1321 exhibent,
1614 1292 1708 1326 atque
1731 1296 1801 1314 eum
1825 1284 1967 1315 exhibuit

211 1335 325 1366 inserta
346 1335 377 1365 in
403 1336 624 1365 Commentatt.
651 1333 778 1364 Latinn.
806 1334 923 1365 Tertiae
947 1334 1058 1365 Classis

214 1386 354 1417 Instituti
372 1386 489 1428 Belgici
508 1385 640 1416 Amstel.
661 1386 751 1416 1818.
772 1385 838 1416 Vol.
854 1386 880 1415 I.
928 1386 988 1422 Qui
1013 1386 1059 1416 vir

212 1437 407 1468 doctissimus
427 1437 562 1479 primum
579 1436 609 1466 in
626 1448 733 1467 causas
753 1437 1009 1467 obtrectationum
1027 1437 1057 1468 in

213 1488 390 1520 Gallienum
419 1488 545 1530 inquirit
572 1499 603 1529 p.
627 1489 677 1527 98.
708 1488 791 1518 unde
818 1488 883 1519 haec
909 1489 1059 1520 sententia

213 1539 367 1570 enascitur
385 1541 429 1581 (p.
446 1540 549 1579 120.):
576 1543 596 1556 “
611 1538 767 1581 Populum
786 1540 962 1570 Romanum
980 1540 1056 1571 Gal-

211 1591 282 1622 lieni
305 1590 600 1622 administrationem
624 1590 680 1620 nisi
701 1591 860 1632 optimam,
878 1598 958 1622 certe
982 1591 1056 1622 tole-

1120 1334 1166 1364 vel
1182 1343 1374 1365 commentus
1390 1343 1435 1365 est
1453 1334 1559 1365 Pollio.
1599 1335 1713 1377 Legito
1728 1335 1781 1373 ibi,
1799 1347 1892 1378 quam
1908 1336 1966 1367 cle—

1119 1393 1251 1416 mentem
1276 1386 1317 1416 ibi
1342 1398 1372 1416 sc
1395 1394 1519 1428 przestet
1545 1386 1706 1417 Gallienus
1730 1398 1803 1429 erga
1825 1399 1886 1424 eos,
1911 1388 1965 1429 qui

1118 1449 1188 1467 011111
1207 1438 1350 1468 RIemore
1366 1437 1394 1467 in
1413 1450 1443 1467 se
1459 1437 1727 1479 conspiraverant3
1753 1450 1846 1480 quam
1870 1438 1966 1469 iratus

1120 1488 1157 1519 sit
1181 1488 1228 1526 iis,
1255 1488 1309 1530 qui
1334 1488 1427 1519 nimia
1452 1488 1566 1519 atrocia
1593 1489 1727 1531 Ingenui
1751 1496 1914 1521 sectatores
1936 1501 1966 1520 et

1119 1540 1256 1570 conscios
1280 1540 1382 1570 ulcisci
1407 1540 1613 1579 instituerant,
1630 1552 1692 1582 quo
1708 1541 1842 1583 denique
1864 1540 1966 1572 animo

1119 1602 1189 1621 cum
1216 1591 1362 1621 Postumo
1385 1591 1495 1633 pacisci
1520 1591 1652 1629 studeat,
1674 1604 1767 1634 quem
1792 1593 1869 1623 adeo
1894 1592 1964 1623 belli

211 1642 337 1674 rabilem
354 1642 554 1679 existimasse,
576 1653 611 1672 ac
634 1641 764 1684 proinde
787 1642 832 1678 iis,
851 1654 922 1684 quae
945 1642 983 1673 de
1006 1643 1058 1673 illo
1076 1652 1099 1679 Ε
1120 1642 1216 1673 civilis
1242 1642 1400 1673 avertendi
1428 1655 1529 1680 causa,
1557 1643 1596 1673 ad
1628 1643 1782 1685 singulare
1812 1651 1965 1675 certamen

211 1694 317 1726 Victor
334 1702 363 1724 et
381 1693 557 1724 Trebellius
580 1693 752 1731 retulerint,
776 1694 909 1724 fundum
935 1695 1058 1726 subesse

210 1745 293 1776 baud
307 1745 478 1782 veritatem,
491 1744 542 1775 sed
555 1744 734 1787 probrosam
750 1745 859 1776 borum
873 1746 1056 1788 scriptorum

211 1809 284 1839 erga
310 1796 434 1827 Claudii
461 1804 598 1838 posteros
624 1795 785 1837 [nimirum
816 1798 1056 1828 Constantinum

212 1849 363 1880 Cblorum
396 1848 551 1890 hujusque
581 1857 728 1890 posteros.
769 1849 809 1879 cf.
836 1851 872 1880 C.
892 1850 932 1880 D.
952 1849 1058 1881 Beckii

213 1901 390 1942 Anleitimg
413 1901 449 1930 Z.
476 1900 652 1930 Κωιηίηὶεήἱ
674 1901 730 1931 cler
753 1902 884 1944 Allgem.
916 1902 1059 1932 luvltuml

218 1952 513 1994 Voellccrgescliichle
538 1953 585 1982 II.
611 1963 640 1994 p.
657 1953 747 1993 456]
773 1952 1058 1983 adulationem.’'—

1119 1702 1312 1737 provocarat.

1119 1745 1188 1776 bilis
1210 1755 1239 1777 et
1263 1746 1374 1788 abjecti
1390 1745 1483 1776 111111111
1501 1746 1635 1776 indicia?
1672 1747 1781 1787 Atque
1804 1746 1908 1777 eadem
1934 1747 1964 1778 in

1121 1797 1308 1828 Collectione
1320 1797 1468 1828 Vaticana
1479 1797 1546 1827 Vol.
1560 1798 1628 1828 III.
1643 1809 1673 1839 p.
1687 1807 1716 1838 7.
1731 1798 1770 1828 ab
1782 1798 1965 1840 Ephmemio

1120 1848 1149 1878 in
1178 1849 1333 1879 Chronico
1358 1850 1517 1879 Caesarum
1544 1849 1674 1879 iambico
1697 1849 1778 1880 idem
1804 1853 1967 1889 Γαλληῖυος

1121 1900 1177 1939 (ita
1198 1900 1278 1931 enim
1303 1901 1460 1942 scribitur)
1480 1901 1683 1943 przedicatur:
1709 1901 1800 1939 ὃέξιος
1824 1902 1895 1941 ἀνὴρ
1916 1906 1964 1941 φι-

1358 1694 1505 1725 Haeccine
1520 1701 1591 1725 sunt
1607 1694 1793 1737 ignavissimi
1810 1703 1863 1726 aut
1880 1696 1966 1737 igno-

1119 1953 1247 1990 λότιμος,
1264 1953 1385 1992 χαρίεις,
1402 1952 1533 1984 πολλοὺς
1549 1953 1679 1985 ἀνατλὰς
1694 1952 1842 1985 κινδύνους
1858 1954 1890 1983 ἐν
1905 1956 1966 1985 ταῖς

213 2004 364 2045 Idemque
381 2003 524 2041 Criticus,
538 2011 738 2046 posteaquam
755 2004 908 2046 sigillatim
924 2004 1056 2035 Gallieni
1078 2013 1099 2040 F
1118 2004 1236 2044 μάχαις.
1263 2003 1429 2034 Videamus
1445 2003 1484 2034 de
1500 2015 1596 2034 uxore
1613 2004 1763 2035 Gallieni:

213 2065 261 2085 res
276 2066 380 2085 omnes
395 2066 432 2085 ex
449 2054 587 2085 fontibus
610 2055 735 2086 haustas
757 2056 943 2087 examinavit
959 2065 989 2087 et
1005 2068 1057 2087 ex-

213 2106 321 2148 plicuit
346 2118 377 2148 p.
401 2114 470 2146 117.
498 2106 555 2137 boc
583 2107 674 2137 modo
700 2107 847 2138 rationem
875 2107 1053 2138 concludit:

214 2162 234 2176 ‘⁶
248 2157 339 2195 Quod
356 2156 515 2187 interfecto
531 2157 673 2189 Gallieno
696 2158 828 2189 militum
853 2159 891 2189 de
914 2172 950 2190 eo
968 2159 1055 2201 judi-

212 2208 294 2240 cium
317 2207 387 2244 fuit,
402 2207 488 2238 illum
507 2209 728 2250 Imperatorem
753 2210 846 2241 fuisse
870 2210 986 2248 utilem,
1002 2222 1054 2241 110-

212 2259 389 2296 cessarium,
404 2259 525 2297 fortem,
542 2260 705 2299 efficacem,
721 2261 798 2292 illud
822 2262 923 2292 nescio
943 2274 980 2292 an
1002 2274 1056 2304 op-

213 2311 286 2342 time
302 2309 468 2340 firmaverit
491 2309 556 2351 ipsa
578 2311 654 2349 baec,
671 2324 764 2354 quam
782 2313 934 2350 dedimus,
953 2325 1054 2344 rerum

1165 2056 1212 2085 καὶ
1235 2056 1251 2093 ἡ
1274 2054 1376 2086 τούτου
1400 2055 1472 2095 γυυῗ]
1496 2056 1667 2096 Σαλωνίυα]
1694 2056 1713 2086 i.
1731 2068 1755 2086 e.
1775 2055 1888 2086 Publia
1911 2055 1965 2085 Li-

1118 2106 1197 2136 cinia
1220 2106 1307 2136 Julia
1331 2106 1474 2137 Cornelia
1499 2106 1643 2137 Salonina
1667 2106 1754 2146 (Vid.
1775 2108 1964 2149 Brcqw'gngy

1118 2158 1306 2188 Rechcrclees
1321 2169 1378 2188 sm·
1390 2158 1555 2199 Zafimm'lle
1566 2158 1602 2188 (Ie
1617 2158 1739 2188 Gallica
1753 2158 1783 2188 in
1797 2159 1964 2188 Manioires

1117 2209 1154 2239 de
1170 2209 1354 2239 l'slsaclmie
1366 2209 1418 2239 des
1430 2210 1594 2250 Inscripta.
1612 2210 1651 2239 T.
1665 2210 1827 2240 XXXII.
1845 2221 1876 2251 p.
1893 2210 1962 2240 262.

1118 2271 1185 2301 sqq.
1202 2272 1232 2302 p.
1250 2269 1320 2299 277.
1354 2258 1485 2290 Eckhel.
1502 2260 1633 2290 D.N.V.
1653 2261 1732 2291 VII.
1757 2272 1787 2302 p.
1803 2261 1878 2299 418.
1896 2272 1960 2301 sqq.

1120 2312 1226 2354 Zocgn
1243 2311 1338 2341 Numi
1356 2311 1503 2353 AEgyptt.
1523 2311 1686 2352 Imperatt.
1706 2323 1735 2353 p.
1752 2321 1824 2353 309.
1856 2312 1963 2342 Alion-

212 2362 252 2392 ab
268 2373 303 2392 eo
319 2367 474 2402 gestarum
491 2362 657 2403 expositio:
683 2375 719 2394 ex
736 2376 799 2405 qua
815 2372 934 2395 tantum
958 2365 1054 2402 abest,
1075 2377 1101 2404 G
1117 2368 1168 2393 net
1192 2364 1228 2393 de
1249 2363 1281 2393 Ζιι
1307 2363 1409 2393 rao-cte
1434 2362 1486 2392 cles
1510 2362 1675 2394 Aseclailles
1701 2374 1731 2405 p.
1752 2363 1823 2394 286.
1841 2374 1908 2404 sqq.
1931 2370 1961 2392 et

213 2420 248 2444 ut
270 2412 413 2442 videatur
434 2411 594 2443 Gallienus
616 2425 693 2451 eam,
719 2427 810 2456 quam
837 2415 893 2457 ipsi
916 2416 1053 2447 inustum

212 2463 267 2494 ivit
281 2462 391 2499 Pollio,
408 2469 511 2492 notam
528 2462 658 2504 ignaviae
675 2466 882 2508 socordiaeque
898 2467 1056 2498 commeri-

213 2523 275 2552 tus,
295 2521 327 2544 ut
352 2513 454 2555 potius
479 2513 591 2555 dignus
616 2523 761 2556 appareat
786 2518 868 2548 omni
892 2517 984 2549 laude
1008 2519 1053 2549 in-

213 2565 351 2601 dustriae,
369 2564 545 2605 vigilantiae,
562 2565 780 2597 tortitudinis.”
816 2569 892 2599 Haec
908 2569 967 2599 ille.
1006 2571 1056 2600 Ac

212 2616 339 2659 quando
356 2615 525 2646 Eckhelius
541 2616 559 2646 l.
575 2616 594 2647 l.
614 2617 693 2647 VII.
711 2628 825 2659 p.414.
846 2619 927 2650 illam
951 2620 1056 2651 adula-

212 2667 303 2698 tionis
325 2678 397 2709 erga
414 2667 608 2698 Constantini
631 2667 758 2699 domum
782 2669 983 2712 suspicionem
1006 2671 1054 2701 di-

1118 2413 1251 2445 Rascbei
1264 2414 1344 2444 Lex.
1358 2413 1500 2444 Univers.
1516 2413 1558 2444 rei
1575 2425 1696 2445 numar.
1711 2414 1768 2445 IV.
1783 2424 1807 2444 1.
1824 2425 1856 2456 p.
1871 2414 1961 2454 1578,

1116 2465 1171 2507 qui
1195 2473 1295 2496 tamen
1320 2465 1350 2495 in
1375 2465 1469 2507 hujus
1492 2465 1609 2507 origine
1634 2473 1665 2496 et
1689 2465 1781 2496 rebus
1803 2464 1961 2496 narrandis

1116 2517 1278 2559 aliquoties
1298 2516 1434 2558 graviter
1449 2516 1553 2558 lapsus
1567 2524 1623 2555 est,
1640 2517 1725 2559 quod
1741 2517 1834 2547 verbo
1850 2515 1962 2557 signifi-

1116 2580 1198 2599 casse
1227 2568 1379 2608 sufficiat.)
1433 2568 1544 2598 Mirari
1570 2574 1674 2599 autem
1701 2568 1783 2598 subit
1809 2567 1959 2597 neminem

1116 2630 1222 2650 eorum
1239 2619 1293 2660 qui
1314 2619 1403 2649 multi
1424 2630 1471 2649 res
1488 2618 1620 2649 Gallieni
1645 2618 1796 2660 explicare
1820 2617 1957 2647 institue-

1116 2677 1201 2706 runt,
1218 2669 1326 2712 legisse
1344 2670 1461 2701 Clu-ist.
1480 2671 1575 2701 Gottl.
1592 2670 1767 2701 Schwarzii
1784 2667 1957 2698 Diatribam

1160 2725 1221 2756 02
