2201 2990
228 145 341 176 cxxxvi

1034 232 1073 243 a„

232 231 298 272 ipso
321 231 369 262 hic
389 231 464 262 liber
483 231 659 262 inscribitur
676 232 742 272 περὶ
762 232 900 271 κινήσεως
922 233 1056 273 οὐρανου.

232 283 358 313 Fabric.

274 345 304 376 p.
322 333 418 364 lxxix.
435 342 457 365 ⁰.
483 336 508 365 εἰ
527 338 608 365 ποιεῖ
619 336 655 365 τὰ
670 335 791 377 ἄστρα]
817 341 835 350 ‘¹
850 335 966 366 Confer
981 347 1075 377 supra

230 396 257 414 c.
276 393 323 425 15.
340 393 370 415 ct
386 385 556 416 Firmicum
576 385 629 416 lib.
645 387 670 416 I.
690 386 825 416 Mathes.
851 386 901 416 ubi
921 386 1073 416 Plotinum

231 443 316 466 notat
332 436 416 477 quod
432 436 492 467 vim
516 436 670 467 stellarum
692 448 856 478 agnoscere
880 437 1011 468 noluerit
1030 437 1074 467 in-

230 486 367 525 columis,
393 499 485 529 quam
517 488 628 518 sentire
658 495 780 518 coactus
806 487 900 518 suerit
929 496 1072 529 {egrotus

234 538 377 568 Meminit
406 538 500 580 hujus
529 538 597 569 libri
630 538 739 569 Plotini
771 540 798 569 si
819 539 955 579 jaciunt
985 544 1073 569 astra

229 589 320 619 etiam
344 589 526 620 Macrobius
548 589 598 620 lib.
618 590 644 620 I.
670 601 697 620 c.
717 600 763 630 19.
787 589 817 620 in
844 591 949 620 Somn.
974 590 1073 632 Scip.”
1091 596 1113 623 Β

232 641 356 671 Fabric.

274 704 303 734 p.
322 690 416 721 lxxIx.
434 697 458 722 Ρ.
481 691 696 733 περὶ-ὑλῶν]
723 697 740 706 ¹¹
757 692 794 721 In
817 692 930 722 Plotini
951 693 1074 723 Ennea-

229 743 321 773 dibus
340 743 448 774 titulus
469 743 563 784 hujus
581 742 650 773 libri
674 751 719 773 est
734 744 799 782 περὶ
814 745 894 781 ὕλης.
935 744 1070 773 Conten-

229 793 273 824 dit
291 805 363 824 vero
381 805 482 825 rerum
503 794 751 835 incorporearum
773 806 899 835 quoque
916 806 980 825 esse
999 797 1072 833 ὕλην

229 845 394 887 quandam.
441 845 556 876 Confer
578 845 746 876 Alcinoum
768 857 794 876 c.
812 847 840 876 δ’.
864 853 893 876 et
912 846 1070 877 l’etarium

229 897 280 928 lib.
307 898 332 927 I.
359 897 396 927 tle
420 896 548 938 Angelis
573 908 598 927 c.
615 907 647 935 4.
694 897 790 927 Hunc
816 896 928 927 Plotini
959 897 1070 928 librum

229 948 370 989 pluribus
392 947 596 977 illustraverat
613 947 806 990 Porphyrius
827 948 911 978 libris
934 960 984 978 sex
1006 950 1072 988 περὶ
1091 957 1112 983 C

229 1001 299 1037 ὕλης
326 999 429 1029 Suida‘
456 998 640 1029 memoratis.
674 999 707 1029 τὸ
734 1000 890 1030 Πλωτίνυυ
916 1001 1072 1039 διανοίγων

226 1051 361 1089 βιβλίον,
380 1049 479 1091 inquit
504 1051 619 1080 AEneas
643 1051 777 1081 Gazaeus
799 1051 828 1081 in
854 1051 1072 1093 Theophrasto

227 1113 259 1143 p.
275 1102 346 1142 56.''
369 1102 494 1132 Fabrz'c.

264 1164 292 1194 p.
308 1151 401 1182 lxxix.
417 1159 441 1183 L¹.
457 1153 522 1192 περὶ
538 1155 589 1183 τοῦ
604 1152 738 1195 δυνάμει]
756 1158 777 1171 “
791 1154 827 1183 In
847 1153 969 1184 Plotino
985 1153 1068 1196 ipso:

229 1204 294 1242 περὶ
310 1206 360 1233 τοῦ
376 1203 391 1233 ὃ
408 1203 526 1242 δυνάμει
543 1204 588 1234 καὶ
605 1204 772 1245 εἰέργείᾳ.”
799 1206 926 1235 Fabric-

271 1266 299 1296 p.
320 1254 414 1285 lxxix.
431 1262 449 1284 f.
465 1256 693 1298 περὶ-εἵὸους.]
713 1261 732 1274 “
747 1258 847 1298 Supra
863 1269 887 1287 e.
902 1268 931 1295 4.
950 1264 1068 1287 tantuin

769 147 1142 179 ANNOTATIONES
1167 147 1218 177 IN
1242 147 1438 178 PLOTINI

1092 235 1117 262 A
1137 233 1209 264 MS.
1234 233 1264 263 in
1290 232 1435 263 Biblioth.
1457 233 1607 269 Caesarea,
1632 241 1708 264 teste
1733 234 1900 265 Lambecio
1922 234 1974 265 lib.

1137 285 1212 315 VII.
1230 296 1261 326 p.
1277 286 1367 325 259.''
1392 285 1519 315 Fam-ic.

1176 347 1207 377 p.
1224 335 1319 366 lxxix.
1336 342 1359 365 c,
1384 336 1450 375 περὶ
1465 335 1726 378 τῆς-σωμάτων]
1753 341 1773 355 “
1787 336 1914 367 Ficinus
1936 336 1977 367 le-

1133 386 1178 428 git
1202 387 1373 425 ἀσωμάτων,
1393 395 1425 417 ut
1449 397 1543 428 ¹supra
1565 397 1590 416 c.
1608 396 1639 427 5.
1660 394 1690 417 et
1710 387 1739 417 in
1756 387 1822 429 ipso
1840 387 1975 418 Plotino.

1135 439 1185 468 Ac
1201 446 1331 468 mentem
1349 446 1429 468 certe
1444 437 1590 479 passionis
1605 446 1760 479 expertem
1778 438 1808 468 in
1825 438 1882 469 hoc
1898 438 1977 468 libro

1135 488 1276 519 Plotinus
1292 489 1437 531 disputat.
1483 488 1541 518 Sed
1560 496 1660 518 tamen
1679 489 1834 519 materiam
1851 500 1976 531 quoque

1133 548 1225 581 negat
1240 541 1303 582 pati
1318 552 1345 582 p.
1359 550 1430 581 311.
1443 548 1536 581 atque
1551 552 1587 569 eo
1603 539 1724 570 nomine
1741 539 1976 581 reprehenditur

1134 602 1194 620 non
1211 592 1250 621 ab
1265 603 1297 622 re
1313 604 1330 622 a
1343 593 1437 622 Petro
1452 590 1554 621 Petito
1567 590 1616 621 lib.
1632 599 1660 620 2.
1678 602 1703 620 c.
1721 601 1765 621 11.
1782 590 1974 621 Miscellann.

1135 642 1244 672 Obss.”
1267 643 1391 673 Faltric.

1176 704 1206 734 p.
1222 693 1319 724 lxxix.
1337 693 1361 724 d.
1387 695 1547 732 περὶ-τοῦ
1563 693 1654 735 ἑνός]
1674 697 1694 710 “
1710 693 1810 733 Supra
1824 704 1849 722 c.
1863 703 1892 733 5.
1910 699 1976 723 tan-

1134 751 1198 773 tum
1216 744 1391 775 inscribitur
1406 745 1471 783 περὶ
1487 744 1639 783 θεωρίας.”
1664 744 1790 774 Fabrie.

1168 806 1196 836 p.
1212 794 1296 825 lxxx.
1310 802 1332 825 e·
1349 796 1414 835 περὶ
1426 795 1733 837 οὐσίας-δεύτερον]
1752 798 1770 812 “
1786 796 1887 836 Supra
1903 806 1927 825 c.
1938 805 1972 833 4:

1133 849 1192 877 πῶς
1207 846 1319 886 ἡψυχὴ
1336 848 1385 884 τῆς
1401 847 1556 886 ἀμερίστου
1573 847 1618 876 καὶ
1632 848 1769 885 μεριστῆς
1783 846 1885 877 οὐσίας
1899 845 1975 884 μέση

1134 896 1207 926 εἶναι
1222 897 1351 936 λέγεται,
1365 905 1394 927 ct
1411 897 1440 927 in
1456 897 1578 927 l’lotino
1593 897 1659 939 ipso
1677 904 1800 927 notatur
1813 896 1895 926 hunc
1911 908 1975 937 prae

1133 946 1198 977 aliis
1220 947 1314 989 hujus
1340 948 1512 990 philosophi
1540 948 1578 978 dc
1602 948 1703 978 anima
1730 947 1849 989 scriptis
1876 947 1975 989 primo

1134 998 1198 1029 loco
1214 1012 1277 1029 csse
1292 999 1467 1041 legendum,
1480 1000 1514 1030 ὃν
1527 1000 1581 1039 πρὸ
1598 999 1715 1030 πάντων
1727 1002 1783 1029 τῶν
1798 999 1863 1037 περὶ
1875 1000 1975 1038 ψυχῆς

1132 1050 1231 1088 λόγων
1257 1051 1373 1089 ὀφείλει
1401 1052 1665 1090 ἀναγινώσκεσθαι.
1714 1051 1751 1080 In
1781 1050 1875 1091 hujus
1905 1049 1973 1080 libri

1133 1100 1235 1131 limine
1259 1102 1352 1131 verbo
1375 1102 1512 1141 tangitur
1538 1101 1686 1131 sententia
1709 1100 1895 1138 Aristotelis,
1919 1101 1973 1142 qui

1132 1153 1263 1182 animam
1278 1163 1333 1193 pro
1345 1152 1512 1182 entelechia
1528 1151 1589 1181 sive
1602 1152 1699 1181 forma
1715 1151 1825 1182 actuali
1838 1151 1974 1193 corporis

1132 1203 1250 1241 habuit,
1268 1204 1321 1234 sed
1344 1203 1494 1245 prolixam
1518 1202 1756 1244 disputationem
1775 1202 1910 1244 opinioni
1930 1201 1974 1232 illi

1131 1255 1303 1296 oppositam
1336 1254 1491 1285 Eusebius
1522 1254 1601 1284 XV.
1636 1264 1682 1284 10.
1738 1252 1975 1294 praeparationis

227 1307 293 1345 περὶ
307 1308 466 1345 ποιότητος,
484 1315 514 1337 et
531 1306 560 1337 in
579 1306 717 1337 Plotino:
746 1309 811 1347 περὶ
827 1309 927 1340 οὐσίας
943 1309 988 1338 καὶ
1005 1322 1068 1338 ποι.
1088 1311 1113 1337 D
1132 1306 1330 1347 Evangeliew
1345 1306 1431 1336 affert
1445 1317 1481 1335 ex
1499 1305 1608 1335 Plotini
1621 1305 1685 1344 περὶ
1702 1305 1864 1336 ἀθανασίας
1876 1306 1975 1344 ψυχῆς

228 1357 362 1396 ότητος.”
389 1358 515 1388 Palu-ie.

270 1421 299 1451 p.
317 1409 413 1439 lxxix.
430 1416 448 1438 ⁵.
473 1413 531 1441 πῶς
554 1410 797 1451 τὰψ-ψαίνεταιῇ
827 1416 845 1424 “
865 1410 900 1439 In
927 1409 1067 1440 I’lotino:

227 1461 292 1499 περὶ
317 1460 455 1500 ὁράσεως,
480 1459 497 1498 ἦ
522 1462 580 1492 πῶς
605 1462 640 1491 τίι
664 1462 760 1500 πόῤῥω
787 1463 873 1500 μικρὰ
899 1460 1068 1500 (Ῑ)αίι«ἐται.”

228 1512 355 1541 Fabric.

269 1575 299 1605 p.
318 1563 414 1593 lxxix.
431 1567 448 1593 ἵ.
473 1563 545 1602 πρὸς
567 1562 845 1603 τοὺς--λέγοντας.]
874 1567 894 1580 “
914 1564 1009 1593 Ilunc
1032 1562 1068 1592 li-

226 1615 315 1644 brum
344 1614 536 1656 Porphyrius
561 1614 624 1656 ipse
652 1625 744 1655 supra
766 1626 790 1644 c.
813 1615 857 1644 16.
886 1622 1015 1644 testatur
1039 1627 1069 1644 se

226 1665 411 1708 inscripsisse
426 1665 497 1704 πρὸς
513 1665 577 1697 τοὺς
594 1665 782 1699 Γνωστικοὺς,
800 1671 893 1706 atque
915 1666 956 1695 ita
976 1665 1066 1696 etiam
1088 1674 1111 1700 E

983 1718 1068 1747 Gno-

226 1769 370 1800 sticorum
392 1769 421 1798 in
440 1769 558 1798 erris
575 1768 689 1798 Plotini
713 1767 797 1798 nulla
821 1768 944 1803 mentio,
962 1768 1012 1797 sed
1038 1768 1067 1798 in

226 1717 338 1759 legitur
355 1716 465 1748 titulus
481 1716 528 1747 hie
544 1729 568 1747 e.
580 1726 610 1757 5.
629 1724 658 1746 et
675 1716 704 1746 in
722 1716 787 1758 ipso
802 1716 934 1746 Plotino.

228 1820 325 1851 Fit-ini
345 1820 482 1850 versione
507 1832 534 1862 p.
554 1829 623 1859 213.
647 1819 699 1849 nbi
724 1819 855 1860 magiam
880 1827 909 1849 et
933 1821 1069 1851 ἐπαοιδὰς

226 1883 330 1902 eorum
350 1872 556 1913 Philosophus
572 1870 745 1913 explodit.''
771 1871 897 1900 Fabric.

270 1936 300 1965 p.
318 1923 414 1953 lxxix.
432 1930 453 1952 ²1.
478 1924 542 1962 περὶ
562 1922 758 1962 εἶμαρμένης.]
786 1925 806 1939 ⁶*
822 1923 936 1952 Fatum
959 1922 989 1951 in
1013 1921 1068 1951 hoc

227 1975 305 2005 libro
334 1974 528 2016 impugnavit
559 1974 710 2011 Plotinus‚
741 1972 1002 2014 quemadmodum
1039 1973 1067 2002 in

227 2026 361 2062 duobus,
378 2026 430 2067 qui
455 2033 627 2067 sequuntur
649 2024 770 2067 egregie
793 2024 913 2054 disserit
935 2024 974 2054 (le
994 2025 1068 2055 Pro·
1088 2036 1110 2063 1:

229 2077 373 2111 videntia,
391 2083 420 2107 et
444 2077 473 2107 in
498 2077 561 2107 vita
585 2088 656 2117 quze
681 2076 795 2117 possint
820 2075 915 2105 videri
942 2075 1069 2105 molesta

227 2137 320 2170 atque
344 2128 422 2158 mala
445 2139 499 2170 per
519 2127 747 2157 similitudinem
765 2126 922 2164 dramatis,
939 2127 1068 2168 pictura*

227 2188 257 2210 et
274 2179 440 2210 harmonici
456 2187 621 2209 concentus
637 2179 792 2219 eleganter
808 2178 947 2208 illustrat.
984 2178 1068 2207 Loca

228 2230 338 2262 exinde
360 2230 503 2271 producit
520 2230 729 2260 Theodoritus
747 2230 804 2259 VI.
823 2229 1013 2270 Therapeut.
1037 2240 1066 2270 p.

229 2286 278 2323 96.
296 2282 361 2323 5(].”
384 2282 512 2311 Fabric.

272 2346 301 2375 p.
318 2332 415 2363 lxxix.
433 2333 457 2362 b.
475 2333 540 2371 περὶ
555 2332 797 2371 τοῦ-δαίμονος]
817 2336 838 2348 “
851 2331 888 2360 In
906 2330 962 2360 hoc
978 2330 1066 2367 libro,

1432 1358 1510 1387 Eam
1541 1356 1622 1386 unde
1650 1355 1791 1386 habuerit
1817 1355 1974 1386 Eusebius

1132 1408 1243 1438 mirum
1267 1415 1334 1438 est:
1369 1419 1437 1438 nani
1466 1407 1495 1437 in
1525 1407 1559 1437 iis
1582 1407 1720 1449 quidem,
1745 1418 1816 1448 qua.¹
1841 1413 1974 1445 exstant,

1131 1357 1266 1387 secundo
1292 1357 1379 1387 libro.

1133 1459 1246 1489 l'lotini
1277 1459 1395 1501 seriptis
1425 1459 1575 1489 ineassum
1606 1458 1687 1488 illam
1717 1459 1868 1499 quaeres.”
1908 1459 1971 1489 Fa-

1131 1511 1206 1540 (tric.

1174 1574 1206 1604 p.
1224 1563 1307 1592 lxxx.
1327 1562 1346 1591 s.
1363 1561 1428 1600 περὶ
1443 1561 1727 1603 ψυχῆς-πρῶτον]
1746 1564 1766 1578 “
1778 1560 1971 1591 Vocabulum

1131 1614 1258 1652 ἀποριῶν
1275 1613 1304 1642 in
1321 1612 1465 1642 omnihus
1481 1612 1581 1641 tribus
1597 1611 1681 1641 libris
1697 1623 1790 1653 supra
1805 1623 1832 1641 c.
1845 1621 1876 1652 5.
1893 1611 1970 1641 desi-

1131 1665 1265 1695 deratur.
1312 1664 1363 1694 Ex
1388 1663 1444 1693 hoc
1469 1663 1557 1693 tertio
1580 1662 1658 1692 libro
1676 1662 1831 1692 1⁴]1ineadis
1854 1670 1973 1704 quartae

1132 1716 1230 1746 lorum
1251 1714 1361 1755 allegat
1379 1714 1577 1755 Augustinus
1596 1714 1691 1744 VIII.
1710 1723 1756 1744 10.
1774 1714 1823 1743 De
1840 1713 1972 1744 Civitate

1132 1768 1249 1798 l)1·21.’‘
1275 1767 1400 1797 Fabric.

1173 1831 1203 1861 p.
1221 1819 1306 1849 lxxx.
1324 1825 1346 1847 ἐ.
1363 1818 1428 1856 περὶ
1445 1817 1662 1857 ἁθαιάσίας-]
1681 1820 1700 1833 “
1715 1816 1830 1845 Confer
1843 1815 1970 1845 Eusebii

1131 1871 1300 1912 Fra—parat.
1318 1869 1370 1899 lib.
1387 1869 1461 1899 XV.
1479 1881 1504 1898 e.
1522 1869 1594 1897 22.'‘
1618 1867 1741 1897 Fabric.

1173 1934 1201 1964 p.
1221 1922 1306 1952 lxxx.
1323 1921 1348 1951 h.
1372 1919 1687 1959 περὶ-ὑποστάσεων]
1716 1923 1736 1935 “
1752 1918 1802 1947 Ex
1820 1917 1876 1947 hoc
1893 1917 1970 1947 libro

1130 1973 1193 2003 loca
1209 1974 1297 2003 affert.
1314 1971 1469 2002 Eusebius
1488 1971 1551 2000 XI.
1570 1979 1616 2009 17.
1632 1976 1795 2011 praeparat.
1835 1967 1971 2010 Cyrillus

1132 2025 1158 2054 Ι.
1175 2023 1406 2054 eontra-Julian.
1425 2034 1454 2063 p.
1466 2023 1517 2060 67.
1542 2022 1597 2051 Iv.
1612 2033 1640 2062 p.
1654 2031 1720 2060 145.
1748 2020 1844 2050 VIII.
1857 2031 1886 2061 p.
1899 2027 1968 2061 273.

1133 2085 1199 2115 275.
1219 2076 1290 2113 276.
1304 2075 1373 2104 280.
1393 2072 1603 2103 Theodoritus
1616 2081 1644 2102 2.
1657 2071 1887 2112 'I'liei·zq›et1t.p.
1899 2071 1969 2111 33.”

1130 2127 1255 2156 Fabric.

1172 2188 1201 2218 p.
1219 2175 1304 2206 lxxx.
1322 2182 1339 2205 ¹.
1363 2178 1422 2206 πῶς
1445 2174 1501 2204 ἀπὸ
1523 2175 1667 2203 τοῦ--τοῦ
1688 2172 1779 2212 ἑνός]
1804 2177 1824 2190 “
1841 2172 1970 2202 Rectius

1129 2239 1222 2270 supra
1236 2229 1271 2257 τὰ
1285 2228 1358 2265 μετὰ
1374 2226 1405 2256 τὸ
1422 2228 1546 2265 πρῶτον.
1593 2226 1672 2255 Nan]
1694 2233 1761 2266 post
1778 2235 1873 2254 unum
1890 2223 1966 2253 illud

1129 2290 1187 2309 non
1207 2289 1301 2308 unum
1319 2285 1450 2313 tantum,
1467 2276 1518 2307 sed
1536 2276 1624 2318 plura
1640 2283 1670 2306 et
1686 2275 1804 2305 infinita
1826 2274 1968 2316 deinceps

1129 2336 1310 2371 sequuntur.
1359 2327 1452 2358 Unde
1475 2335 1505 2358 et
1528 2327 1684 2358 Enneadis
1701 2328 1737 2357 V.
1764 2326 1839 2356 liber
1855 2335 1881 2356 2.
1901 2325 1966 2367 jam

229 2385 317 2426 eujus
341 2383 446 2414 itidem
470 2394 562 2424 supra
585 2394 610 2413 c.
632 2392 679 2412 10.
703 2390 733 2412 et
756 2381 837 2423 apud
865 2381 1065 2411 Ammianum
1085 2389 1111 2416 G
1129 2381 1188 2411 fuit
1203 2380 1268 2419 περὶ
1284 2379 1428 2419 γενέσεως
1444 2379 1489 2409 καὶ
1505 2379 1611 2416 τάξεως
1626 2380 1684 2409 τῶν
1694 2379 1767 2416 μετὰ
1782 2377 1814 2407 τὸ
1826 2375 1966 2415 πρῶτον.”

230 2434 402 2466 Marcellin.
431 2434 533 2464 XXI.
562 2443 606 2472 14.
638 2433 762 2469 mentio,
791 2432 933 2462 Plotinus
962 2440 1067 2462 tuetur

227 2488 318 2519 etiam
335 2486 449 2527 dogma
467 2485 506 2515 de
523 2484 695 2515 animorum
718 2483 886 2513 recidivatu
910 2482 972 2513 sive
995 2482 1067 2512 reci-

229 2551 321 2582 proco
357 2537 508 2573 discursu,
540 2543 574 2566 ut
607 2534 793 2565 Tertulliani
826 2533 952 2564 vocibus
986 2540 1063 2563 utar.

229 2593 345 2621 Contra
368 2588 448 2619 illam
471 2586 585 2618 Plotini
609 2585 787 2616 sententiam
805 2584 962 2627 Anonymi
987 2585 1064 2615 ἀντι-

229 2641 339 2673 θετικὸς
354 2640 424 2680 πρὸς
438 2641 604 2673 Πλωτῖνον,
621 2638 665 2667 ὅτι
680 2637 751 2675 μήτε
766 2639 823 2667 τῶν
839 2636 982 2674 σωμάτων
996 2648 1063 2674 προ-

228 2693 410 2733 ϋπάρχουσιν
426 2691 456 2721 αἱ
471 2690 576 2730 ψυχαὶ,
592 2689 664 2728 μήτε
686 2690 716 2726 ἐξ
733 2687 838 2727 ἑτέρων
853 2688 1064 2726 μεταχωροῦσι.

1129 2432 1255 2462 Fabric.

1171 2494 1202 2525 p.
1220 2481 1318 2512 lxxxi.
1336 2481 1361 2511 k·
1387 2482 1430 2511 ὅτι
1451 2481 1501 2511 οὐκ
1523 2482 1657 2519 ἔξω-τὰ
1673 2479 1776 2521 νοητὰ]
1802 2482 1822 2496 “
1836 2478 1885 2508 De
1908 2477 1965 2507 hoc

1127 2533 1205 2563 libro
1227 2542 1257 2564 et
1274 2532 1451 2575 Porphyrii,
1468 2532 1520 2574 qui
1542 2539 1648 2562 contra
1670 2530 1840 2571 scripserat,
1857 2535 1966 2558 retrac-

1128 2585 1242 2616 tatione
1265 2596 1358 2626 supra
1380 2596 1406 2614 c.
1424 2586 1470 2614 18.
1495 2592 1524 2614 et
1546 2595 1572 2613 c.
1592 2592 1641 2612 20.
1668 2581 1697 2611 in
1723 2578 1858 2621 Longini
1881 2578 1963 2619 frag-

1128 2644 1230 2666 mento
1253 2643 1325 2666 sect.
1346 2646 1395 2676 13.
1443 2636 1492 2665 Ex
1511 2633 1625 2664 Plotini
1647 2632 1712 2671 περὶ
1735 2631 1844 2668 νοητῶν
1862 2628 1879 2666 ἢ
1900 2630 1965 2668 περὶ

1127 2687 1255 2726 τάγαθοῦ
1278 2686 1377 2717 locum
1401 2684 1544 2727 producit
1562 2683 1750 2726 Philoponus
1765 2688 1871 2712 contra
1887 2681 1963 2710 Pro-
