2201 2990
290 148 323 180 vi
878 146 1150 180 PRAEFATIO
1177 146 1430 181 EDITORIS.

340 245 394 278 Ac
412 245 567 288 primum
586 244 747 278 Plotinus
774 245 803 278 is
831 250 881 279 est
901 245 1060 289 scriptor,
1078 246 1150 290 qui,
1169 247 1252 279 dum
1272 246 1425 292 cogitata
1452 258 1515 280 sua
1533 258 1603 280 uno
1622 247 1721 291 quasi
1749 247 1883 290 impetu
1907 248 2017 280 effun-

290 303 360 339 dat,
380 302 423 335 ab
442 302 591 335 aliarum
610 314 725 335 rerum
746 303 903 336 omnium
922 303 1049 336 notitia
1067 308 1219 336 mentem
1238 309 1457 349 segregatam
1476 304 1648 344 cohibeat,
1667 304 1726 348 qui
1746 304 1914 338 doctrinae
1941 316 2016 348 spe-

290 359 376 392 ciem
396 364 576 403 tantopere
603 364 819 403 aspernetur,
838 365 878 393 ut
896 361 932 393 in
950 372 1087 393 summa
1105 361 1263 394 lectionis
1282 361 1441 394 ubertate
1464 373 1638 405 perpauca
1664 374 1743 395 eum
1768 362 1892 408 legisse
1911 362 2015 396 dicas.

292 416 393 450 Unde
414 417 613 450 Bruckerus
632 417 749 455 etiam,
768 417 821 449 vir
839 418 1015 460 ceteroqui
1034 419 1076 450 de
1095 418 1326 461 philosophiae
1346 418 1493 452 historia
1512 420 1596 452 bene
1621 420 1777 459 merituS,
1797 421 1854 452 sed
1876 420 2016 454 Platoni

291 475 499 519 Plotinoque
514 474 715 519 judicandis
734 485 858 517 parum
878 474 1034 513 idoneus,
1049 475 1277 518 pronuntiare
1296 487 1401 508 ausus
1419 482 1481 511 est,
1496 477 1589 510 hunc
1607 477 1651 510 ab
1669 478 1941 523 elegantioribus
1960 479 2017 512 lit-

290 533 371 566 teris
399 533 514 565 minus
541 537 703 575 paratum
731 531 850 570 fuisse,
869 542 947 564 cum
970 536 1087 564 tamen
1114 536 1148 564 et
1167 531 1352 565 Enneades
1379 533 1579 576 loquantur,
1599 539 1632 567 et
1655 535 1766 580 magis
1793 535 1898 569 etiam
1922 537 2016 571 illius

290 590 478 623 familiares
497 589 681 635 Longinus
702 588 990 633 Porphyriusque
1017 594 1200 628 testentur,
1219 601 1299 622 eum
1326 590 1507 633 antiquam
1534 591 1790 635 philosophiam
1818 593 2016 628 universam

289 649 520 691 complexum,
538 647 575 680 in
602 646 746 690 reliquis
773 646 878 679 etiam
906 646 1100 690 disciplinis
1125 646 1288 680 omnibus
1314 648 1491 680 eruditum
1518 648 1766 694 fuisse.11eq11e
1790 662 1810 683 a
1833 652 2015 694 poetarum

289 706 433 739 lectione
452 709 486 738 et
504 705 653 738 musices
672 705 818 737 honesto
835 704 1064 737 delinimento
1082 705 1246 739 alienum.
1291 706 1438 745 Deinde,
1457 711 1496 739 ut
1515 707 1557 740 de
1576 709 1686 741 altera
1703 720 1806 741 causa
1825 709 2014 749 videamus,

288 764 417 806 duplex
435 768 486 796 est
505 763 715 806 scriptorum
734 774 845 807 genus
867 761 1165 808 ΙΙλατωνιζόντ-ωντ
1192 765 1341 796 alterum
1361 775 1493 803 eorum,
1511 764 1572 808 qui
1595 766 1756 798 oratoriae
1781 767 1927 800 studiosi
1944 767 2015 811 pri-

287 821 405 854 oribus
424 826 502 864 post
519 821 603 853 Chr.
620 821 664 854 N.
684 820 821 853 saeculis
841 819 1086 863 Sophistarum
1105 821 1251 854 honesto
1269 826 1353 855 tunc
1371 833 1492 855 rursus
1511 822 1651 855 nomine
1670 833 1731 866 per
1749 823 1865 857 orbem
1886 824 2016 858 Roma-

288 891 370 912 num
390 880 556 918 claruere,
570 878 631 922 qui
651 878 687 911 in
706 877 943 911 diversissimo
962 889 1055 921 saepe
1074 884 1282 923 argumento
1301 879 1413 913 Attici
1432 880 1563 925 dialogi
1582 880 1751 913 formulas
1770 886 1804 914 et
1823 881 2014 916 Platonicae

285 937 453 970 orationis
480 937 640 969 flosculos
667 939 910 979 aucupantur3
939 935 1040 968 alteri
1067 936 1148 969 solis
1175 937 1278 970 rebus
1306 937 1433 971 intenti
1460 942 1494 971 et
1517 938 1552 970 id
1571 949 1681 970 unum
1707 942 1912 981 spectantes,
1930 952 2015 984 quo-

284 996 387 1028 modo
406 995 441 1027 in
459 994 650 1027 Platonicae
669 993 901 1037 philosophiae
920 994 1027 1037 adyta
1045 993 1291 1039 ingrediantur
1308 995 1458 1040 indeque
1476 1008 1516 1029 ea
1534 1000 1723 1039 reportent,
1738 1008 1817 1039 quae
1836 998 1879 1030 ad
1896 1009 2014 1031 rerum

284 1053 483 1086 divinarum
502 1053 807 1095 humanarumque
826 1062 999 1084 summam
1018 1052 1227 1094 pertineant.
1279 1053 1417 1086 Horum
1437 1059 1489 1087 est
1509 1053 1681 1093 plotinus,
1700 1053 1856 1097 impense
1873 1066 2014 1089 securus

284 1122 403 1144 earum
424 1121 552 1149 rerum,
571 1121 651 1153 quae
678 1110 721 1142 ad
741 1114 904 1142 ornatum
924 1108 1066 1148 faciant,
1085 1114 1120 1142 et
1138 1110 1318 1143 lenociniis
1345 1111 1515 1145 similiora
1533 1123 1639 1155 quam
1658 1111 1798 1144 veritati
1822 1113 2015 1147 severitati-

285 1180 352 1212 que
372 1168 566 1201 videantur.

333 1226 388 1259 Ac
414 1227 579 1269 quoniam
607 1225 820 1258 mentionem
848 1225 913 1258 feci
940 1225 1159 1270 dialogorum
1180 1225 1350 1266 Platonis,
1369 1226 1490 1259 mirari
1517 1227 1622 1263 subit.
1641 1227 1703 1271 qui
1730 1227 1861 1261 factum
1888 1228 1944 1268 sit,
1963 1234 2013 1269 ut,

284 1295 362 1317 cum
383 1283 545 1316 Plotinus
572 1283 724 1316 alumnis
751 1283 823 1316 suis
850 1283 886 1316 111
912 1284 994 1316 ludo
1019 1283 1260 1329 interrogandi
1284 1288 1493 1327 potestatem
1516 1285 1646 1324 fecerit,
1666 1284 1755 1317 etin
1774 1286 2013 1328 respondendo

284 1352 319 1373 se
338 1341 442 1373 nimis
470 1341 575 1374 etiam
594 1341 730 1374 facilem
751 1341 968 1384 prm-stiterit,
987 1353 1057 1374 non
1075 1341 1180 1375 etiam
1200 1341 1308 1375 libros
1334 1354 1414 1375 suos
1442 1343 1485 1375 ad
1505 1343 1595 1376 hanc
1613 1342 1850 1376 diverbiorum
1868 1343 2014 1377 varieta-

285 1404 354 1432 tem
373 1399 652 1442 suavitaten‘lque
671 1398 914 1442 composuerit.

333 1456 468 1490 Ansam
488 1457 687 1500 scriptionis
706 1456 898 1500 praebuisse
916 1456 998 1489 huic
1017 1457 1186 1502 magistro
1201 1458 1422 1490 alumnorum
1442 1458 1704 1502 amicorumque
1723 1458 2014 1504 interrogationes

284 1515 569 1558 problemataque
588 1526 666 1547 cum
692 1526 745 1547 res
772 1515 848 1558 ipsa
866 1515 976 1554 docet,
994 1527 1100 1559 quam
1122 1516 1225 1548 modo
1252 1515 1447 1560 attigimus,
1466 1521 1541 1548 tum
1561 1527 1641 1549 vero
1668 1516 1766 1555 illud,
1784 1518 1877 1560 quod
1896 1517 2013 1561 dispu-

285 1572 433 1605 tationes
468 1584 549 1605 suas
584 1577 618 1605 et
649 1572 772 1616 incipit
803 1578 843 1606 ut
873 1573 1066 1616 plurimum
1097 1579 1131 1607 et
1162 1573 1386 1617 prosequitur
1416 1574 1664 1619 interrogando
1696 1575 2012 1619 respondendoque.

285 1629 430 1667 Verum,
450 1630 501 1663 uti
521 1642 599 1663 emn
619 1631 732 1663 facere
758 1630 899 1663 solitum
923 1631 1129 1674 accepimus,
1149 1637 1188 1664 ut
1208 1632 1299 1664 inter
1317 1631 1544 1664 familiarium
1564 1643 1739 1665 sermones
1758 1637 1792 1665 et
1810 1632 1845 1665 in
1865 1633 2012 1667 aliorum

284 1699 422 1731 quoque
449 1688 630 1721 hominum
651 1688 848 1732 frequentia
875 1700 990 1721 secum
1011 1689 1239 1722 meditaretur
1257 1694 1291 1722 ct
1318 1689 1543 1732 scriptitaret.
1563 1701 1630 1722 non
1656 1690 1758 1723 aliter
1776 1701 1815 1723 ac
1841 1690 1870 1723 si
1896 1690 2013 1724 solita-

285 1745 357 1778 rius
384 1750 484 1784 esset,
503 1752 661 1779 sevocata
692 1752 807 1779 mente
836 1747 879 1779 ab
906 1747 1079 1786 omnibus,
1098 1759 1178 1791 quze
1205 1752 1305 1780 extra
1332 1751 1483 1780 mentem
1509 1752 1543 1780 et
1565 1748 1665 1791 quasi
1689 1747 1773 1780 foris
1800 1752 1935 1788 essent3
1962 1748 2012 1781 ita

285 1802 389 1836 etiam
410 1803 446 1836 in
465 1803 518 1835 his
537 1804 740 1847 perscriptis
766 1805 893 1837 scholis
920 1816 955 1837 se
983 1804 1056 1848 ipse
1083 1806 1289 1850 interrogat,
1307 1805 1375 1838 sibi
1402 1805 1475 1848 ipse
1494 1806 1680 1849 respondet
1700 1805 1870 1839 Plotinus.
1922 1805 2012 1839 Sunt

285 1873 335 1894 ea·
353 1861 560 1904 μοινολοὙίαι.
580 1860 695 1902 (liceat
714 1862 778 1895 1100
797 1862 964 1895 vocabulo
982 1863 1049 1905 uti)
1069 1874 1138 1895 non
1158 1861 1322 1906 διάλογοι.
1376 1862 1417 1896 111
1436 1862 1576 1908 dialogo
1598 1864 1676 1906 plus
1702 1863 1859 1896 minusve
1884 1863 1921 1897 in
1939 1875 2010 1897 sce-

285 1930 365 1951 nam
385 1919 590 1962 producitur
608 1925 867 1965 argumentum,
882 1924 915 1953 et
934 1920 1054 1953 existit
1072 1921 1172 1964 qnasi
1191 1921 1353 1964 qua‘dam
1373 1920 1474 1960 actio,
1493 1932 1597 1964 quam
1618 1921 1764 1954 formam
1784 1921 2011 1955 dramaticam

285 1976 390 2009 dicas.
442 1976 586 2016 Contra,
605 1977 695 2010 sicut
713 1978 902 2021 lyricorum
922 1984 1104 2021 poetarum
1124 1978 1284 2022 princeps
1311 1990 1428 2012 secum
1447 1978 1520 2022 ipse
1547 1983 1780 2017 conversatur,
1800 1978 1835 2011 in
1854 1978 2010 2012 animum

285 2045 387 2067 suum
415 2034 566 2078 inspicit,
590 2035 747 2068 animum
774 2047 877 2069 suum
904 2047 1156 2080 nonnunquam
1184 2037 1395 2080 alloquitur:
1428 2037 1478 2070 ita
1503 2036 1824 2070 Alexandrinorum
1851 2036 2011 2080 princeps

286 2093 572 2136 philosophorum
593 2093 700 2137 lyrice
718 2094 975 2137 quodammodo
999 2094 1161 2127 meditari
1187 2094 1424 2138 meditataque
1450 2105 1655 2137 componere
1672 2093 1854 2136 reperitur.
1907 2095 2011 2133 Quod

286 2151 567 2184 Alexandrinum
587 2151 663 2184 dico
682 2151 871 2190 hominem,
889 2151 965 2184 haec
989 2151 1065 2194 ipsa
1091 2152 1279 2195 appellatio
1305 2164 1469 2197 magnam
1489 2157 1625 2196 partem
1643 2162 1826 2184 causarum
1844 2151 2009 2192 continet,

286 2220 304 2241 e
322 2209 449 2252 quibus
468 2210 543 2242 haec
561 2209 764 2253 disputandi
783 2209 1025 2252 scribendique
1044 2210 1194 2242 mutatio
1212 2215 1315 2243 enata
1333 2215 1395 2243 est.

335 2266 532 2311 Cogitanda
557 2267 649 2300 enim
677 2272 771 2300 terra
797 2267 912 2310 patria
934 2267 1122 2312 AEgyptus‚
1141 2268 1391 2314 [Egyptiorum
1418 2267 1560 2305 indoles,
1583 2265 1757 2305 instituta,
1779 2277 1903 2306 mores,
1921 2266 2010 2300 Am-

287 2323 393 2356 monii
422 2325 537 2357 Saccze
564 2325 692 2363 schola,
713 2325 1018 2370 Pythagoreorum
1045 2327 1214 2370 exempla,
1233 2326 1277 2359 ad
1295 2336 1444 2370 quorum
1467 2324 1609 2357 modum
1633 2323 1753 2356 multis
1781 2323 1817 2356 111
1844 2324 1946 2357 rebus
1972 2336 2008 2358 se

285 2381 502 2426 adstringere
528 2382 683 2415 solebant
702 2382 739 2415 hi
759 2382 931 2416 Platonici
955 2383 1183 2416 recentiores:
1210 2383 1286 2417 haec
1311 2383 1460 2428 singula,
1479 2382 1634 2425 inquam,
1653 2386 1734 2414 sunt
1754 2383 1947 2425 reputanda
1973 2387 2007 2415 et

285 2439 321 2474 in
340 2451 449 2472 unum
468 2439 661 2484 colligenda
679 2439 722 2479 ei,
740 2440 801 2483 qui
820 2440 909 2473 hanc
928 2452 1053 2474 novam
1072 2441 1227 2485 antiquae
1245 2440 1339 2474 illius
1356 2450 1499 2484 prorsus
1517 2439 1720 2472 dissimilem
1739 2439 1885 2473 docendi
1902 2439 2008 2473 ratio-

286 2508 364 2530 nem
383 2508 483 2529 nosse
501 2502 534 2529 et
553 2498 732 2530 commode
751 2497 924 2540 explicare
943 2498 1036 2531 velit.

335 2555 461 2587 Insunt
491 2559 608 2587 tamen
635 2554 712 2587 aliae
742 2566 853 2587 causa}
880 2555 918 2588 in
944 2555 1020 2599 ipso
1046 2555 1188 2601 ingenio
1216 2555 1357 2588 Plotini.
1410 2554 1499 2588 Erat
1526 2555 1563 2588 in
1591 2555 1701 2598 ipsius
1727 2554 1844 2588 animo
1869 2565 2006 2587 summa

283 2612 448 2656 quaedam
467 2611 566 2655 copia
584 2623 712 2651 rerum,
728 2623 823 2645 more
842 2611 1037 2657 imaginum
1055 2613 1092 2645 in
1111 2612 1179 2646 illis
1198 2612 1325 2646 Silenis
1340 2612 1555 2646 Alcibiadeis
1574 2613 1667 2656 apud
1683 2612 1874 2646 Platonem.
1915 2611 2005 2650 Quae

286 2671 378 2704 velut
396 2669 498 2716 signa
515 2680 584 2714 quo
602 2670 703 2714 plura
729 2674 829 2703 erant
850 2674 884 2703 et
908 2669 1092 2703 confertim
1116 2669 1321 2715 constipata,
1340 2682 1380 2703 eo
1397 2669 1571 2703 difficilius
1598 2669 1872 2714 explicabantur,
1890 2669 2005 2714 dispo-
