2201 2990
298 166 378 215 356

299 261 405 291 formae
428 261 494 292 aliae
514 261 647 292 cedunt:
673 260 757 302 quod
780 260 894 291 malum
917 272 979 291 esse
1000 260 1131 291 videtur.

301 304 380 334 Cum
398 304 492 346 igitur
507 304 613 334 eodem
637 312 734 339 motu,
751 315 814 345 quo
831 315 886 346 per
906 315 936 334 se
951 304 986 334 fit
1007 304 1133 340 bonum,

299 358 354 388 per
375 347 514 378 accidens
536 346 694 388 contingat
718 354 748 377 et
772 346 904 377 malum:
930 358 1019 377 nemo
1043 346 1134 376 debet

298 389 338 420 ob
353 389 553 420 differentiam
571 390 720 420 bonorum
741 398 834 431 atque
852 389 999 420 malorum
1016 397 1134 420 contra-

299 432 342 462 ria
358 433 498 474 quaedam
515 432 664 474 principia
678 444 808 474 ponere:
833 444 869 463 ac
888 441 1000 474 praeter
1021 432 1133 473 princi-

298 475 383 516 pium
400 475 513 506 bonum
535 475 728 506 introducere
743 476 877 506 malum:
903 474 1061 516 multoque
1077 475 1132 504 mi-

299 529 356 548 nus
383 530 438 559 per
463 525 603 548 naturam
630 518 758 560 primam
784 518 973 559 essentiaque
998 517 1132 547 malum:

298 560 431 602 alioquin
448 561 574 592 essentia
589 569 619 592 et
634 573 696 591 esse
712 561 769 592 erit
788 560 912 591 malum.
960 560 1132 601 Appetitur

299 611 398 633 tamen
423 612 567 645 tanquam
588 604 722 635 bonum:
748 611 777 634 et
800 603 975 645 oppositum
999 603 1064 643 ejus
1088 613 1132 632 re-

298 646 419 687 spuitur
434 646 518 677 velut
533 648 657 678 malum.
698 648 851 677 Praeterea
869 644 1051 686 principium
1068 644 1130 685 agit

298 689 466 730 sequentia,
479 697 630 731 quatenus
645 698 690 720 est
703 689 807 720 efficax
820 696 848 718 et
865 688 895 717 in
911 695 993 723 actu,
1006 687 1132 728 agitque

297 743 351 773 per
372 732 510 762 formam.
558 734 636 764 Haec
659 744 730 762 vero
756 739 827 761 sunt
852 730 939 760 bona.
986 730 1056 759 Non
1087 737 1131 759 est

297 775 391 816 igitur
413 775 511 816 ipsum
536 775 667 806 malum:
694 786 791 815 neque
814 773 886 803 facit
909 783 963 813 per
986 784 1016 802 se
1041 771 1130 808 mala,

297 818 349 848 sed
372 818 479 848 similia
501 818 566 855 sibi,
588 818 618 848 id
641 826 696 854 est,
719 816 868 851 formalia,
892 815 1022 856 ideoque
1041 815 1130 844 bona.

298 860 419 891 Malum
436 873 507 891 vero
527 861 565 891 ad
582 861 687 891 formae
705 858 905 901 privationem
926 858 1044 894 attinet,
1061 869 1131 899 quae

296 903 415 941 accidit,
432 915 491 933 non
508 903 686 933 intenditur.
722 903 781 932 Per
797 901 862 931 liaec
877 900 971 941 igitur
986 908 1015 930 et
1033 901 1132 931 Gnos-

296 946 422 977 ticorum
440 954 468 976 et
487 946 729 976 Manichaeorum
746 944 923 975 confutatus
938 951 983 974 est
998 954 1091 973 error.

297 1035 390 1061 Oratio
404 1043 453 1059 non
470 1034 611 1060 adoratum
632 1034 722 1059 Deum
741 1040 886 1066 numenque
902 1034 998 1063 mutat,
1008 1032 1052 1057 sed
1067 1032 1129 1057 ado-

657 1077 767 1099 tantem.

338 1122 430 1151 XVI.
458 1122 561 1163 Caput
578 1120 731 1151 decimum
754 1126 875 1149 sextum
891 1117 1009 1148 deridet
1035 1118 1128 1148 basre-

294 1163 377 1201 tieos,
396 1164 478 1205 quod
504 1172 612 1206 putent
637 1163 736 1193 verbis
760 1162 930 1202 ritibusque
954 1161 1094 1190 humanis
1114 1173 1130 1191 e

293 1218 347 1237 suo
363 1207 469 1238 habitu
486 1207 564 1238 flecti
580 1206 711 1237 caelcstia
726 1216 863 1246 corpora,
880 1204 1058 1245 animasque
1073 1216 1129 1233 ca»-

293 1249 390 1280 lorum
415 1250 602 1291 numinaque
628 1249 702 1279 ciclo
726 1248 890 1289 superiora.
939 1247 1016 1277 Item
1044 1246 1128 1287 quod

292 1304 411 1323 omnem
428 1293 572 1323 orationis
588 1293 647 1322 vim
665 1292 694 1322 in
711 1302 818 1321 vocum
837 1290 969 1320 modulis
985 1298 1014 1320 et
1030 1290 1130 1319 odori-

292 1336 359 1373 bus,
376 1336 662 1377 cliaractcribusque
685 1334 873 1365 constituunt
900 1332 975 1374 [lid.
999 1344 1043 1373 pr.
1059 1344 1129 1362 eon-

292 1379 445 1421 stimant}
493 1380 644 1409 Praeterea
670 1377 755 1419 quod
776 1377 897 1406 morbos
924 1387 1028 1405 omnes
1056 1375 1130 1405 nibil

292 1421 384 1452 velint
400 1434 463 1452 esse
478 1422 573 1459 aliud,
586 1433 676 1463 quam
695 1420 855 1450 daemonia.
902 1420 940 1449 At
957 1418 1131 1460 evangelica

291 1464 429 1495 doctrina
458 1466 560 1495 Deum
592 1465 621 1494 in
653 1463 760 1506 spiritu
787 1471 815 1493 et
841 1462 968 1492 veritate
991 1462 1131 1503 praecipit

291 1508 426 1538 adorari:
454 1520 552 1549 neque
575 1508 676 1537 Deum
703 1506 815 1536 mutari
831 1505 909 1542 vult,
927 1504 978 1534 scd
1001 1504 1129 1535 adoran-

292 1559 369 1581 tem:
395 1551 570 1593 multosque
586 1558 673 1581 curat
690 1557 873 1591 {egrotantes
890 1559 948 1578 non
965 1555 1128 1589 occupatos

290 1606 307 1623 a
323 1594 470 1624 dzemonc.

293 1682 351 1707 Non
381 1682 514 1712 adoratio,
541 1682 586 1707 sed
614 1682 698 1707 virtus
724 1681 849 1715 impetrat
875 1688 890 1703 {1
924 1678 984 1704 Deo
1008 1679 1125 1705 ‹lit-inum

656 1730 758 1747 munus.

336 1769 448 1798 XVII.
476 1769 595 1798 Munus
618 1767 818 1809 providentiae
843 1765 1001 1807 proprium
1029 1765 1127 1795 elucet

291 1812 319 1841 in
330 1811 446 1852 optima
457 1811 588 1841 universi
601 1810 809 1853 dispositione,
823 1817 852 1838 et
869 1809 898 1838 in
912 1808 1028 1849 optimo
1039 1820 1126 1838 mun-

290 1855 360 1884 dani
376 1854 491 1895 opificis
511 1853 626 1883 habitu.
672 1854 786 1884 Totum
810 1852 865 1881 lioc
888 1852 979 1881 stulte
999 1851 1124 1881 nimium

290 1897 467 1927 auferebant
491 1896 635 1933 lneretici,
651 1896 725 1926 dum
748 1896 777 1925 in
801 1894 907 1925 mundi
931 1894 1127 1935 dispositione

291 1940 492 1982 vituperanda
508 1940 665 1970 (lominum
690 1946 908 1978 auctoremque
927 1937 1127 1978 providentize

290 1983 476 2013 incusabant.
522 1984 594 2012 Jam
625 1994 707 2018 verO,
735 1990 767 2012 ut
798 1980 1022 2016 convincerent,
1054 1980 1127 2009 nibil

291 2038 352 2056 esse
372 2026 401 2056 in
426 2025 541 2056 mundo
557 2026 638 2062 boni,
656 2025 808 2057 dicebant,
826 2023 924 2053 nullas
941 2022 987 2053 vel
1009 2030 1125 2053 natura·

292 2068 337 2098 vel
359 2069 515 2099 hominum
534 2068 614 2109 leges
637 2080 700 2098 esse
721 2068 831 2097 bonas:
858 2075 887 2097 et
910 2078 981 2107 quae
998 2066 1125 2095 virtutes

291 2111 445 2148 dicuntur,
473 2111 545 2141 nihil
577 2123 658 2141 esse:
685 2122 785 2151 neque
810 2109 866 2151 ipsi
894 2109 932 2139 de
960 2109 1125 2138 virtutibus

291 2154 404 2195 aliquid
422 2154 644 2196 loquebantur:
663 2165 762 2195 neque
778 2153 816 2183 de
833 2152 1002 2194 purgandis
1017 2151 1125 2181 animis

291 2197 374 2238 pensi
397 2198 560 2239 quicquam
584 2197 747 2227 habebant.
796 2195 1009 2226 Prwdicabant
1031 2194 1124 2231 enim,

291 2239 314 2269 si
327 2239 395 2281 quis
410 2240 559 2270 duntaxat
575 2240 722 2281 cogitaret
744 2240 858 2273 Deum,
876 2238 1026 2278 certisque
1041 2237 1125 2279 apud

291 2294 341 2312 eos
356 2282 495 2323 precibus
508 2283 671 2319 invocaret,
688 2282 787 2312 omnia
809 2292 932 2323 prorsus
948 2281 1126 2322 impetratu-

292 2336 358 2355 rum
372 2337 377 2354 ε
403 2325 517 2355 etiamsi
541 2325 784 2366 perturbationes
801 2335 943 2354 sensuum
961 2322 1059 2353 nullas
1074 2334 1125 2352 ex-

291 2367 399 2409 pellat:
425 2368 537 2408 quibus
557 2376 637 2398 certe
657 2368 730 2397 nihil
746 2368 784 2397 ab
799 2366 973 2408 evangelica
989 2365 1127 2396 doctrina

291 2418 335 2441 est
349 2410 484 2440 alienius.
521 2411 591 2440 Non
608 2410 686 2440 enim
704 2411 756 2451 qui
773 2410 895 2446 dixerit,
914 2409 1046 2439 Domine
1063 2409 1126 2438 Do-

291 2453 382 2489 mine,
399 2460 428 2483 et
449 2464 519 2494 quae
540 2460 721 2493 sequuntur.
767 2454 927 2482 Memento
942 2463 1024 2489 vero,
1042 2451 1125 2493 quod

291 2496 349 2527 ait:
368 2495 517 2526 Absoluta
531 2494 628 2524 virtus
644 2496 747 2524 Deum
761 2495 846 2524 nobis
863 2495 1007 2525 ostendit.
1040 2495 1125 2524 Sicut

291 2539 369 2569 enim
381 2538 534 2580 perceptio
546 2537 652 2567 caloris
666 2537 746 2578 ignei
759 2537 797 2566 ad
811 2548 963 2566 summum
976 2537 1125 2578 perducta

291 2581 445 2612 materiam
458 2580 572 2611 lumine
582 2579 721 2621 protinus
737 2578 853 2620 implet,
864 2579 997 2620 facitque
1008 2580 1121 2620 ignem:

291 2625 330 2655 sic
347 2625 436 2655 etiam
452 2623 518 2665 ipsa
538 2634 592 2664 per
608 2622 752 2652 virtutem
769 2621 896 2651 imitatio
914 2622 971 2651 Dei
989 2622 1123 2652 animum

290 2668 411 2698 tandem
429 2666 567 2697 divinum
583 2665 673 2695 efficit
686 2672 778 2706 atque
796 2664 897 2693 Deum
911 2675 917 2693 :
943 2664 1123 2705 animusque

288 2711 330 2741 ita
345 2722 375 2741 se
392 2710 490 2752 ipsum
508 2708 640 2739 videndo
656 2707 738 2738 videt
754 2714 783 2737 et
804 2707 915 2736 Deum.
930 2744 933 2745 .

749 161 1177 202 ARGUMENTUM
1208 162 1436 202 MARSIL.
1468 162 1572 202 FIC.

1180 262 1317 289 Platonici
1333 261 1450 298 facilius
1474 263 1622 288 admittunt
1641 263 1768 297 dogmata
1793 262 2014 296 Christianorum,

1452 311 1530 337 quam
1550 303 1743 329 Gnosticorum.

1222 349 1355 379 XVIII.
1381 350 1444 379 Fac
1459 361 1525 391 age,
1548 349 1704 380 Plotinum
1729 361 1747 380 a
1770 350 1887 380 Graecis
1911 350 2014 381 Chris-

1178 391 1267 422 tianis
1280 391 1410 429 audisse,
1428 392 1467 422 ab
1494 393 1608 422 Ioanne
1627 392 1818 423 Damasceno
1835 393 2012 433 praesertim,

1178 434 1319 464 ultimum
1341 435 1494 476 quendam
1512 435 1649 465 ordinem
1670 435 1848 477 angelorum
1869 435 2013 466 defecisse

1177 489 1195 507 a
1212 478 1290 513 Deo,
1306 478 1546 519 corporibusque
1562 490 1598 508 ex
1614 482 1683 508 aere
1701 478 1844 508 crassiore
1859 488 1927 520 post
1947 478 2013 509 haec

1179 519 1320 555 inclusos,
1332 531 1392 550 non
1409 521 1584 560 reprobabit
1596 521 1671 557 lucc,
1685 521 1735 552 sed
1748 521 1912 551 Platonicis
1922 533 2011 563 pror-

1176 573 1226 591 sus
1242 562 1500 592 accommodabit:
1518 563 1602 603 quod
1618 563 1743 604 quidem
1758 564 1940 595 Christiana?
1953 564 2010 606 legi

1176 615 1235 634 non
1257 615 1429 645 repugnare
1453 606 1612 635 Romanus
1628 606 1720 636 tradit
1737 607 1893 648 AEgidius.
1940 608 2011 637 Non

1175 654 1275 687 potest
1297 654 1399 676 autem
1425 658 1483 677 non
1510 647 1618 678 acriter
1640 648 1802 690 indignari,
1819 661 1888 679 cum
1912 650 2011 687 audit,

1175 696 1274 719 totum
1292 689 1443 719 mundum
1465 690 1503 720 ab
1524 690 1632 731 angelo
1647 691 1780 732 quodam
1798 692 1928 733 pessimo
1943 704 2011 734 pes-

1176 731 1285 761 simum
1301 732 1394 762 fuisse
1414 740 1559 763 creatum.
1606 734 1685 763 Item
1707 733 1791 775 quod
1811 735 2013 775 profiteantur

1176 774 1321 812 haeretici,
1338 787 1368 805 se
1392 775 1569 806 numinibus
1591 776 1665 806 caelo
1688 777 1895 818 superioribus
1909 789 1978 808 acce

1176 817 1305 847 tissimos
1321 830 1395 855 esse,
1412 818 1485 848 dum
1508 819 1651 849 caelorum
1675 827 1815 856 rectores,
1832 820 1884 861 qui
1900 820 1939 851 ab
1954 820 1974 850 il
1989 821 2013 850 is

1175 860 1360 901 dependent,
1395 870 1527 903 suntque
1557 862 1710 899 simillimi,
1741 869 1887 903 tanquam
1918 863 2012 893 malos

1175 903 1283 933 acriter
1309 903 1510 939 detestantur,
1539 912 1700 946 totumque
1730 905 1881 935 mundmn
1905 905 2012 936 ordine

1177 946 1358 987 dispositum
1375 947 1563 977 divinissimo
1578 957 1759 978 execrantur
1777 957 1810 978 ut
1827 948 1959 978 malum:
1977 961 2011 979 ac.

1178 990 1278 1019 Deum
1296 989 1464 1031 przedicant
1487 990 1579 1020 solius
1598 990 1756 1021 bominum
1772 991 1891 1032 generis
1905 1003 2010 1022 curam

1176 1031 1294 1062 babere.
1329 1033 1446 1062 Totum
1461 1044 1533 1062 vero
1549 1034 1710 1071 mundum,
1725 1034 1754 1064 in
1771 1045 1834 1075 quo
1848 1042 1893 1064 est
1908 1034 2010 1071 homo,

1174 1075 1262 1116 cujus
1277 1075 1375 1105 ordini
1391 1084 1616 1106 connectuntur
1628 1076 1772 1113 humana,
1786 1088 1822 1107 ne
1839 1077 2010 1118 prospicere

1174 1118 1308 1159 quidem.
1350 1119 1427 1155 Quae
1443 1118 1520 1148 adeo
1536 1118 1663 1149 ridicula
1678 1127 1759 1157 sunt,
1772 1127 1805 1149 ut
1821 1120 2010 1151 absurditate

1175 1172 1229 1191 sua
1245 1161 1315 1191 satis
1330 1161 1564 1203 redarguantur.

1175 1249 1219 1275 De
1235 1250 1332 1275 mundo
1348 1250 1468 1278 animali,
1485 1249 1652 1280 sloemonihus,
1666 1250 1868 1284 pulchritudine
1879 1261 1887 1276 :
1904 1254 1929 1276 ec
1941 1252 2010 1285 quod

1211 1290 1384 1324 pulchritudo
1406 1291 1525 1325 procedit
1547 1299 1577 1315 eir
1598 1289 1724 1321 bonitate,
1745 1294 1825 1325 atque
1846 1294 1884 1317 est
1905 1291 2009 1325 signum

1214 1330 1346 1356 bonitatis.

1219 1377 1320 1407 XIX.
1347 1378 1491 1417 Segrega,
1509 1376 1531 1406 si
1554 1384 1650 1418 potes,
1667 1388 1685 1407 a
1707 1376 1824 1407 mundo
1846 1377 2010 1408 dimensio-

1175 1431 1242 1449 nem
1269 1427 1362 1461 atque
1388 1419 1562 1449 materiam:
1587 1419 1724 1460 relinque
1747 1428 1875 1450 caetera:
1909 1420 2008 1462 sphae-

1175 1473 1237 1492 ram
1252 1462 1377 1493 babebis
1393 1462 1623 1503 intelligibilem,
1638 1462 1667 1492 id
1681 1470 1735 1499 est,
1746 1461 1905 1493 animalem
1916 1470 2009 1505 atque

1173 1505 1383 1547 multiplicem.
1429 1505 1463 1535 ln
1484 1517 1544 1546 qua
1565 1505 1689 1546 quidem
1706 1505 1806 1535 anima
1821 1505 1920 1547 prima
1935 1517 2008 1536 con—

1171 1560 1285 1588 gruens
1299 1549 1440 1578 universo
1452 1548 1619 1578 secundum
1632 1548 1774 1578 virtutem
1787 1548 1868 1579 orbis
1879 1548 2010 1590 amplior

1172 1591 1237 1621 erit.
1284 1592 1382 1622 Urbes
1408 1591 1537 1621 subinde
1563 1591 1647 1621 velut
1670 1591 1782 1622 virtute
1808 1591 2008 1633 angustioreS‚

1172 1634 1297 1676 reliqua*
1328 1646 1382 1676 pcr
1412 1634 1549 1664 ordinem
1579 1633 1797 1664 intellectuales
1823 1634 1943 1672 animae,
1968 1634 2009 1664 sic

1170 1677 1227 1707 alia
1244 1678 1338 1707 ferme
1362 1677 1498 1719 potentia
1520 1677 1724 1718 complectens
1745 1677 1851 1707 aliam:
1877 1677 1954 1707 sicut
1977 1677 2007 1708 in

1172 1720 1227 1756 liis,
1244 1732 1314 1761 qua:
1331 1720 1483 1756 videntur,
1500 1720 1582 1749 orbis
1596 1720 1673 1750 alius
1693 1720 1887 1761 amplectitur
1901 1719 2006 1750 alium.

1173 1763 1231 1793 Sed
1248 1764 1277 1793 in
1299 1763 1420 1793 animali
1443 1763 1568 1799 mundo,
1586 1763 1659 1804 quia
1680 1762 1763 1792 nulla
1786 1762 1934 1793 dimensio
1949 1763 2008 1793 dis-

1172 1806 1274 1841 traliit,
1297 1806 1455 1848 quodlibet
1478 1806 1586 1847 passim
1608 1813 1706 1836 totum
1732 1805 1761 1835 in
1783 1812 1846 1836 toto
1870 1805 2007 1847 quolibet

1172 1850 1332 1891 reperitur.
1379 1850 1434 1879 Est
1451 1856 1552 1878 autem
1569 1848 1609 1878 ibi
1626 1857 1729 1878 motus
1743 1855 1836 1889 atque
1851 1848 2006 1885 circuitus,

1172 1892 1270 1933 qualis
1283 1891 1479 1922 intellectuali
1491 1891 1600 1921 anima*
1613 1891 1764 1926 convenit,
1777 1891 1926 1921 dimensio
1935 1903 2008 1921 vero

1173 1947 1232 1965 non
1259 1943 1328 1965 actu
1353 1935 1489 1976 quidem,
1517 1934 1569 1964 scd
1598 1934 1733 1975 potentia
1763 1934 1896 1975 quadam
1926 1935 2006 1965 actui

1173 1978 1321 2020 proxima.
1368 1979 1447 2008 Nam
1465 1989 1500 2007 cx
1519 1977 1631 2007 virtute
1646 1977 1756 2007 anima¹
1777 1977 1917 2018 protinus
1935 1988 2004 2019 pro-

1169 2033 1289 2051 cessura
1304 2028 1349 2051 est
1369 2020 1504 2062 eorporis
1523 2020 1646 2061 specics,
1663 2028 1775 2049 certam
1797 2019 1836 2050 ab
1858 2019 1958 2050 anima
1975 2020 2004 2050 in

1169 2064 1293 2094 materia
1309 2064 1434 2104 exigens
1449 2063 1650 2104 quantitatem
1667 2071 1760 2104 atque
1776 2063 1917 2104 figuram.
1963 2064 2006 2093 Et

1169 2115 1321 2148 quatenus
1337 2118 1367 2136 se
1383 2106 1518 2136 extendit
1535 2113 1668 2147 potestas
1683 2106 1792 2136 animae
1807 2105 2005 2147 processoria,

1169 2158 1293 2180 catenus
1310 2161 1367 2191 pro
1382 2149 1498 2178 viribus
1518 2148 1695 2178 extenditur
1714 2148 1743 2178 in
1766 2159 1892 2190 corpore
1908 2159 2005 2190 quan-

1170 2193 1248 2223 titas.
1286 2193 1439 2226 Profecto,
1451 2192 1472 2221 si
1490 2192 1558 2233 quis
1571 2191 1735 2232 inspexerit
1748 2191 1884 2221 intimam
1897 2191 2007 2221 animae

1171 2235 1346 2271 motionem,
1364 2235 1479 2265 videbit
1496 2242 1525 2264 et
1544 2234 1702 2264 formalem
1725 2234 1766 2264 ibi
1790 2234 2006 2271 diversitatem,

1170 2286 1199 2309 et
1224 2288 1349 2320 propter
1372 2286 1488 2308 motum
1513 2276 1708 2318 temporalem
1732 2277 1771 2307 ab
1794 2276 1852 2307 alio
1871 2276 2004 2318 quodam

1170 2330 1239 2352 actu
1257 2322 1286 2351 in
1302 2321 1394 2351 alium
1412 2319 1616 2350 intervallum.
1664 2321 1701 2349 In
1724 2320 1779 2350 hac
1795 2331 1868 2359 ergo
1883 2319 2006 2349 diversi-

1171 2372 1242 2399 tate,
1259 2364 1288 2394 in
1311 2364 1367 2394 hoc
1387 2363 1524 2394 animalis
1544 2362 1689 2393 circuitus
1709 2362 1868 2392 intervallo
1883 2361 2004 2403 incipiet

1165 2408 1228 2449 jam
1246 2407 1464 2437 dimensionem
1480 2406 1577 2435 futuri
1598 2405 1732 2446 corporis
1747 2405 1890 2446 orbisque
1906 2403 2000 2444 suspi-

1170 2450 1247 2480 cari:
1278 2450 1355 2480 sicut
1378 2448 1487 2490 aliquis
1510 2460 1545 2478 ex
1574 2448 1680 2478 crebro
1707 2448 1841 2489 quodam
1869 2445 2003 2477 scintillae

1170 2493 1290 2523 vibratu
1314 2493 1417 2522 orbem
1442 2491 1621 2522 continuum
1646 2491 1824 2532 suspicatur.
1870 2490 1927 2519 Est
1950 2500 2003 2518 au-

1168 2545 1227 2566 tem
1246 2535 1421 2565 universum
1439 2534 1513 2564 illud
1528 2534 1709 2575 sphaericum
1723 2534 1890 2564 animarum
1906 2542 1942 2560 ex
1959 2531 2003 2560 in-

1169 2578 1390 2609 tellectualibus
1413 2577 1537 2619 quidem
1558 2576 1755 2607 facultatibus
1778 2573 1893 2620 stabile,
1915 2573 2001 2614 quasi

1168 2621 1278 2652 centris
1299 2621 1437 2663 polisque
1452 2619 1648 2661 quibusdam,
1665 2630 1701 2649 ex
1721 2616 1916 2658 sequentibus
1931 2627 2003 2646 vero

1167 2664 1311 2705 potentiis
1326 2663 1446 2694 mobile.
1492 2664 1542 2692 Ex
1563 2662 1643 2692 illius
1659 2668 1759 2691 autem
1777 2666 2002 2705 status-motus-

1168 2718 1228 2748 que
1245 2707 1348 2747 vigore
1364 2707 1397 2737 fit
1419 2705 1552 2736 mundus
1572 2713 1744 2745 corporeus,
1761 2708 1791 2731 et
1806 2709 1941 2732 conststit
1956 2710 2001 2732 at-
