2201 2990
235 152 272 171 xc
773 136 1147 168 ANNOTATIONES
1173 135 1222 166 IN
1248 134 1445 166 PLOTINI

239 225 338 268 logist.
358 226 386 265 ξ.
405 232 452 263 27.
474 235 505 266 p.
525 223 593 264 183.
610 221 646 253 T.
664 222 735 253 ΙΙΙ.
754 222 967 254 ed.Wetsten.
989 222 1079 253 etiam
1099 222 1125 250 A
1144 220 1221 252 tricii
1247 220 1338 251 etiam
1365 219 1465 250 nescio
1491 218 1580 261 cujus
1606 217 1636 248 in
1666 218 1784 261 Synesii
1808 219 1910 262 Epist.
1930 222 1982 262 36.

238 277 269 307 in
287 274 443 307 Plutarchi
457 274 528 305 Vita
544 273 744 305 Demosthen.
763 286 790 304 c.
806 281 856 315 25.
871 285 902 316 p.
920 283 990 305 222.
1023 274 1083 304 Co-

239 328 294 359 raii
315 327 379 358 sine
400 326 462 357 ulla
477 326 624 357 varietate
644 325 793 356 librorum
811 334 842 356 et
859 326 971 356 citante
991 325 1082 356 etiam

240 377 486 421 Wyttenbachio
512 377 551 408 ad
577 376 733 407 Plutarchi
760 376 886 407 Morall.
910 388 941 418 p.
956 385 1031 417 405,
1048 384 1084 407 ut

240 430 333 461 mirer
362 428 588 460 Ruhnkenium
618 427 650 458 in
681 427 764 458 Hist.
797 427 912 458 Critica
944 428 1083 458 Oratorr.

242 482 397 512 Graecorr.
414 480 509 522 idque
529 479 560 509 in
584 478 728 509 omnibus
745 478 833 508 editt.
849 489 877 507 v.
891 490 918 509 c.
934 478 964 508 in
985 478 1086 508 novis-

241 532 317 563 sima
340 531 526 574 Bergmanni
552 532 587 561 V.
613 530 660 561 Cl.
684 529 750 560 Vol.
776 530 804 560 1.
827 541 860 571 p.
876 538 950 570 350,
974 529 1085 559 lectore

1145 273 1299 303 Caeterum
1318 283 1355 302 ex
1372 272 1429 301 1100
1444 271 1572 301 fortasse
1586 269 1653 300 loco
1671 282 1844 313 anonymus
1860 272 1982 303 Britan-

1143 335 1202 354 nus
1217 324 1247 354 in
1264 323 1335 354 Vita
1351 322 1488 353 Platonis
1503 321 1644 363 colligere
1660 321 1716 352 sibi
1732 334 1819 364 posse
1832 323 1913 354 visus
1927 331 1984 361 est,

1144 375 1374 417 pauperrimum
1406 374 1499 404 fuisse
1529 372 1698 410 Plotinum,
1727 373 1775 404 cui
1805 373 1986 416 obloquitur

1144 426 1211 468 ejus
1232 426 1382 468 interpres
1403 427 1472 457 Car.
1490 426 1718 466 Morgenstern.
1736 425 1772 454 V.
1790 424 1839 456 Cl.
1861 437 1892 468 p.
1914 436 1984 466 119.

1144 485 1208 508 not.
1226 478 1253 507 6.
1287 478 1341 508 Cr.

1187 527 1249 569 p.].
1266 534 1289 558 e,
1314 529 1346 558 ἐν
1367 528 1537 568 Ποτιόλοις]
1558 526 1680 557 Puteoli
1696 527 1865 569 antiquitus
1882 534 1985 562 Δικαι-

241 595 302 614 non
330 583 456 619 monito,
482 582 524 612 ita
553 581 680 612 laudare
707 580 910 611 Plutarcliea:
948 581 1002 620 οὐχ
1028 580 1084 610 ὑπὸ
1103 583 1126 610 Β
1146 579 1260 620 άρχεια.
1285 579 1396 610 Strabo
1413 580 1450 609 V.
1468 588 1497 618 7.
1514 590 1544 620 p.
1563 579 1631 618 196.
1649 590 1717 620 sqq.
1736 579 1851 610 Tzsch.
1878 581 1984 624 steph.

243 634 397 674 κυνάγχης,
416 633 483 664 ἀλλ’
504 632 550 663 ὑπ’
571 631 757 671 ἀργυράγχης
780 631 1013 670 εἰλῆφθαι-τὸν
1036 634 1084 669 δη-

240 687 391 726 μαγωγόν.
438 685 517 714 Mox
539 683 577 713 ad
594 685 643 721 τῆς
658 682 831 722 φωνῆς-τὸ
848 681 934 721 τορὸν
953 682 1000 712 καὶ
1020 683 1084 719 εὔη-

242 750 298 778 χον
319 735 442 767 consule
459 733 639 776 Geoponica
656 734 712 763 VI.
729 743 761 774 3.
780 743 808 763 2.
833 733 908 772 ἦχόν
930 745 995 763 τινα
1018 733 1087 770 ὀξὺν

242 788 288 818 καὶ
301 788 395 826 τορόν.
424 785 560 827 Bergler.
572 785 610 814 ad
623 783 807 826 Alciphron.
821 784 891 813 III.
902 783 953 822 48.
967 794 999 825 p.
1014 793 1083 824 154.

241 850 312 870 cum
326 839 486 879 VVagnero
497 844 527 867 et
540 835 762 877 IVyttenbacli.
777 834 817 865 ad
828 836 955 876 Eunap.
968 845 1000 876 p.
1017 836 1085 865 162.

242 901 288 931 sq.
334 890 384 920 De
413 888 478 919 aliis
507 886 780 929 significationibus
806 898 915 917 vocum
943 885 1029 925 τορὸς
1056 894 1087 916 et

242 944 332 980 τορῶς
362 940 422 971 vid.
448 939 555 970 Lexic.
586 938 792 980 Xenophont.
819 939 876 969 IV.
904 950 935 980 p.
955 948 1027 979 319.
1055 945 1086 968 et
1104 942 1127 970 C
1147 940 1316 975 πεμπταῖος.

244 991 407 1023 Heindorf.
429 991 467 1021 ad
492 990 609 1021 Platon.
628 990 783 1020 Theaetct.
800 990 829 1029 ξ.
847 990 896 1028 84.
920 1001 950 1030 p.
968 999 1087 1027 400.—

244 1044 324 1074 Mox
344 1045 537 1082 βραγχῶντος
557 1042 655 1072 αὐτοῦ.
688 1041 874 1083 Hippocrat.
895 1040 1087 1083 Epidcmior.

244 1095 323 1125 VII.
342 1105 371 1135 p.
391 1103 442 1124 121
454 1102 482 1123 1:
509 1093 555 1123 καὶ
571 1093 587 1131 ἡ
604 1093 688 1131 φωνὴ
703 1093 886 1132 βραγχώὸης.
928 1091 1015 1122 Idem
1033 1091 1088 1121 ibi-

242 1146 311 1176 dem
335 1152 464 1175 extrem.
485 1151 515 1174 et
538 1155 585 1185 sq.
607 1144 711 1182 ὁμοίως
735 1145 898 1185 κυναγχικῷ
918 1144 1088 1183 βραγχώόει

243 1197 368 1237 πνιγμὸς
391 1196 587 1227 καταπίνοντι.
620 1194 671 1225 Cf.
691 1194 791 1224 Fo‘csii
813 1195 979 1225 OEconmn.
1004 1193 1086 1235 Ilip-

243 1260 327 1291 pocr.
345 1260 375 1290 p.
391 1256 442 1287 79.
459 1253 489 1277 et
503 1245 623 1277 Gorraei
642 1246 767 1276 Dcfinu.
782 1245 891 1277 Medd.
908 1245 937 1276 in
954 1246 1088 1286 βράγχος

244 1313 272 1342 p.
289 1308 337 1341 79.
372 1300 426 1330 Cr.

289 1364 318 1394 p.
336 1351 354 1382 l.
377 1358 399 1381 ³.
438 1352 488 1388 τῆς
514 1350 629 1380 πόλεως
656 1348 884 1384 ἀπαλλάττεται,
914 1349 1087 1386 εἱς-Καμ-

244 1403 380 1444 πανίαυ.]
408 1401 515 1442 Steph.
526 1401 605 1442 Byz.
620 1411 650 1441 p.
661 1409 734 1438 442.
761 1399 872 1429 Strabo
883 1399 917 1429 V.
930 1409 960 1440 3.
972 1410 1004 1441 p.
1018 1400 1087 1439 185.

245 1454 359 1486 Tzscb.
376 1453 429 1483 nbi
445 1452 483 1482 de
499 1450 620 1481 nomine
642 1458 672 1481 et
691 1451 751 1480 situ
768 1450 964 1492 reliquisque.
1004 1450 1090 1480 Atti-

243 1506 290 1547 git
300 1506 378 1536 lianc
390 1502 610 1546 profectionem
625 1501 738 1532 Plotini
749 1502 782 1531 J.
796 1501 921 1543 Lipsius
932 1501 961 1531 111
974 1501 1090 1543 Episu.

245 1559 334 1588 Ceut.
354 1556 410 1586 IV.
428 1553 561 1584 Miscell.
579 1552 667 1594 epist.
684 1562 737 1593 39.
757 1564 788 1594 p.
808 1554 876 1593 189.
893 1564 938 1594 sq.
954 1552 1088 1583 addens:

245 1613 265 1626 ‘⁶
279 1607 372 1638 Vides
393 1605 548 1636 hominem
574 1604 710 1634 humana
733 1603 850 1645 ubique
873 1604 955 1645 pati:
989 1603 1090 1634 locum

245 1671 304 1690 non
321 1657 461 1700 excipere
478 1656 528 1686 sed
546 1655 683 1686 animum
701 1655 851 1685 vinccrej'
883 1656 937 1686 Cr.

288 1722 318 1752 p.
334 1710 354 1741 l.
372 1710 397 1740 ¹).
423 1708 533 1750 Ζήθου]
561 1712 580 1725 “
596 1707 684 1737 Infra
700 1718 765 1749 cap.
781 1707 877 1737 VIIJ*
894 1706 1020 1736 Fubric.
1039 1705 1090 1736 ubi

245 1761 383 1793 nonnihil
400 1771 566 1803 apponam.
599 1760 655 1789 Cr.

288 1825 318 1856 p.
336 1813 354 1843 l.
373 1819 394 1842 0.
421 1809 876 1850 Μιντούρνων-Μιντούρναις]
914 1809 962 1838 Ita
986 1808 1089 1850 scripsi

245 1865 426 1896 auctoritate
449 1863 534 1893 librr.
556 1863 652 1892 MSS.
678 1872 735 1902 pro
759 1860 906 1898 Νητούρν.
945 1859 1090 1890 Similiter

244 1924 404 1959 peccatum
428 1922 493 1945 erat
515 1914 544 1944 in
563 1912 702 1955 Appiani
724 1911 826 1942 Civill.
845 1911 872 1941 Ι.
891 1912 941 1941 61.
960 1910 1012 1941 ubi
1029 1913 1087 1941 Μι-

244 1970 376 2008 τούρνας,
400 1967 547 2008 scriptum
573 1966 684 1995 fuerat.
722 1963 791 1993 Vid.
817 1961 1088 2002 Scliweiglizeuseri

1147 632 1224 673 Byz.
1243 631 1273 661 in
1298 630 1500 670 Δικαιάρχεια.
1539 630 1576 659 Ι11
1604 629 1754 660 Strabone
1777 638 1822 661 est
1847 635 1987 673 Δικαιαρ-

1145 684 1223 723 χίαν.
1263 682 1323 713 Sed
1341 681 1491 724 Polybius
1508 681 1575 711 III.
1593 690 1641 719 91.
1657 692 1695 719 4:
1722 681 1915 723 Δικαιάρχεια
1933 684 1985 724 (cf.

1148 733 1318 775 Schweigh.
1338 733 1438 764 Indic.
1456 734 1569 774 Geogr.
1590 732 1620 762 in
1643 732 1778 772 Puteoli)
1797 732 1893 764 Plura
1916 734 1986 765 Cel-

1146 784 1201 815 lar.
1225 785 1340 826 Geogr.
1367 784 1477 826 Antiq.
1502 785 1551 814 ΙΙ.
1574 794 1602 824 9.
1630 795 1659 825 p.
1684 784 1755 825 839.
1778 796 1843 826 sqq.
1883 785 1988 817 Philo-

1145 843 1260 866 stratus
1274 835 1313 865 de
1329 835 1497 877 Apollonio
1514 835 1671 877 Tyanensi
1690 836 1767 866 VII.
1785 845 1832 866 10.
1856 848 1889 879 p.
1908 837 1986 868 286:

1147 887 1268 925 ἀφίκετο
1300 887 1329 918 ἐς
1360 888 1413 924 (εἷς
1442 886 1521 917 Cod.
1549 886 1748 927 Schellersh.)
1778 887 1990 928 Δικαιάρχειαν

1364 937 1510 968 Similiter
1534 938 1637 968 Lucas
1665 939 1784 968 Actorr.
1810 938 1988 969 XXVIII.

1152 997 1186 1028 13
1201 1000 1207 1018 ;
1232 991 1392 1028 δευτεραῖοι
1407 989 1537 1027 ἤλθομεν
1553 990 1592 1020 εἰς
1608 991 1782 1027 Ποτιόλους,
1796 989 1849 1020 ubi
1865 989 1989 1021 consule

1149 1040 1304 1070 XVctsten.
1323 1041 1364 1070 T.
1384 1040 1432 1070 ΙΙ.
1455 1051 1486 1081 p.
1504 1040 1575 1080 654.
1622 1041 1700 1070 Erat
1715 1048 1817 1071 autem
1834 1040 1899 1071 haec
1916 1041 1990 1072 urbs

1150 1091 1370 1133 Municipium,
1388 1091 1448 1127 vel,
1473 1098 1507 1120 ut
1529 1089 1701 1120 accuratius
1723 1091 1833 1129 dicam,
1858 1092 1990 1123 Praefec-

1150 1150 1226 1173 tura.
1259 1142 1321 1172 Cic.
1339 1153 1396 1183 pro
1413 1142 1461 1171 M.
1480 1140 1579 1171 Coelio
1596 1141 1646 1171 ΙΙ.
1661 1151 1691 1181 5.
1723 1142 1835 1173 Festus
1856 1143 1886 1173 in
1904 1144 1991 1174 Prae-

1136 1195 1270 1236 ι[(ἱτιπέυνιι
1293 1205 1324 1235 p.
1342 1194 1414 1235 364.
1434 1193 1526 1223 Dac.:
1554 1193 1612 1222 Ev.
1631 1193 1707 1223 Otto
1725 1192 1763 1222 (10
1783 1192 1912 1224 AEdilib.
1931 1194 1991 1224 Co-

1150 1244 1233 1274 101111.
1248 1252 1279 1275 ct
1296 1244 1473 1286 Municipp.
1490 1256 1520 1286 p.
1538 1253 1611 1285 301.
1629 1256 1694 1285 sqq.
1729 1245 1778 1274 De
1794 1245 1945 1287 Savigny
1960 1244 1992 1275 in

1106 1303 1132 1330 D
1153 1295 1328 1326 Gesclriclete
1353 1296 1404 1326 des
1430 1297 1534 1327 linem.
1558 1295 1671 1326 Rechts
1696 1296 1730 1325 in
1754 1296 1939 1326 Mittelalter
1964 1296 1991 1326 I.

1150 1359 1180 1390 p.
1198 1357 1248 1388 39.
1266 1360 1309 1389 sq.
1343 1349 1396 1379 Cr.

1194 1411 1223 1441 p.
1240 1399 1258 1430 l.
1273 1400 1291 1430 s.
1309 1399 1362 1429 τὸν
1379 1400 1411 1429 ἐν
1426 1400 1492 1437 ὑμῖν
1509 1398 1592 1440 θεὸν]
1611 1402 1631 1416 “
1643 1397 1690 1428 Al.
1707 1398 1740 1428 τὸ
1758 1399 1791 1428 ἐν
1805 1398 1873 1436 ἡμῖν
1889 1399 1998 1429 θεῖον.”

1152 1451 1278 1481 Fabric.

1151 1500 1236 1532 librr.
1257 1510 1366 1533 nostrr.
1388 1510 1418 1532 et
1438 1513 1534 1543 marg.
1555 1501 1616 1531 Ed.
1635 1500 1728 1531 Basil.
1745 1511 1817 1542 quae
1838 1499 1868 1530 in
1889 1499 1998 1530 ordine

1326 1451 1430 1492 Atque
1457 1450 1498 1480 ita
1521 1449 1627 1492 scripsi
1655 1448 1837 1480 auctoritate
1860 1448 1997 1491 plurium

1152 1553 1261 1584 habet:
1287 1553 1338 1584 τὸν
1360 1555 1392 1583 ἐν
1412 1555 1479 1591 ὑμῖν
1501 1554 1577 1583 θεόν,
1625 1553 1674 1582 Dc
1698 1551 1726 1581 vi
1750 1551 1908 1582 sententiae
1932 1550 1996 1582 dixi

1152 1616 1221 1635 cum
1239 1605 1277 1635 ad
1293 1604 1392 1635 Procli
1407 1605 1523 1634 Institt.
1536 1603 1646 1634 Theol.
1663 1616 1690 1633 c.
1708 1604 1774 1643 185.
1791 1613 1821 1644 p.
1839 1602 1909 1642 276.
1930 1611 1995 1633 tum

1110 1662 1133 1690 E
1152 1656 1191 1687 ad
1215 1656 1371 1687 Plotinum
1396 1667 1425 1698 p.
1444 1656 1495 1686 62.
1513 1656 1553 1686 E.
1576 1662 1605 1685 et
1630 1666 1660 1697 p.
1678 1656 1748 1685 660.
1767 1654 1804 1684 A.
1828 1654 1881 1685 ubi
1904 1655 1995 1685 etiam

1151 1709 1219 1747 ἡμῖν
1235 1708 1396 1750 reperitur.
1431 1708 1484 1738 Cr.

1195 1770 1225 1801 p.
1238 1759 1257 1789 l.
1271 1758 1552 1798 4.61›c‘z¹<ovros—fls*
1567 1757 1876 1797 ὀπὴν-ὑπάρχουσαν
1891 1758 1992 1788 ὑποδε-

1152 1811 1280 1851 δυκότος]
1311 1810 1451 1840 Endon-ia
1467 1810 1505 1839 dc
1522 1809 1642 1840 Plotino
1658 1820 1686 1850 p.
1700 1809 1777 1849 363:
1801 1811 1995 1840 τελευτῶντος

1152 1863 1181 1891 δὲ
1205 1864 1255 1892 τοῦ
1273 1863 1428 1892 11λωτίνου
1450 1862 1482 1892 ἐν
1500 1861 1655 1901 Καμπανίᾳ
1672 1860 1783 1899 δράκων
1803 1872 1845 1891 τις
1866 1860 1921 1890 ὑπὸ
1942 1861 1994 1898 τὴν

1151 1913 1253 1950 κλίνην
1274 1915 1402 1951 διῆλθεν,
1422 1914 1454 1943 ἐν
1475 1911 1491 1951 ᾗ
1515 1912 1670 1946 κατέκειτο,
1689 1911 1735 1941 καὶ
1756 1912 1797 1943 εἰς
1815 1911 1890 1949 ὀπὴν
1906 1912 1938 1942 ἐν
1954 1914 1992 1954 τῷ

1149 1964 1237 2004 τοίχῳ
1253 1964 1460 2004 τυγχάνουσαν
1475 1964 1573 1994 ὑπέδυ.
1618 1964 1667 1993 De
1683 1974 1756 1993 voce
1771 1963 1828 2001 ὀπὴ
1844 1963 1906 1993 vid.
1923 1964 1990 1995 Eu-

245 2021 377 2050 Aunott.
390 2027 501 2061 p.710.
520 2018 557 2047 In
570 2015 728 2046 Plutarchi
742 2014 844 2045 Mario
856 2014 1085 2044 c.Xxxle.
1106 2024 1129 2051 F
1149 2016 1240 2046 statli.
1267 2016 1297 2046 in
1321 2015 1435 2058 Odyss.
1454 2014 1489 2045 α’.
1514 2027 1555 2045 vs.
1572 2023 1645 2055 320.
1683 2014 1808 2044 l’icrson
1832 2013 1871 2044 ad
1894 2015 1989 2045 Moer.

244 2071 310 2101 init.
335 2070 398 2100 sine
425 2068 571 2099 varietate
598 2067 728 2108 legimus
754 2066 938 2104 Μιντούρνης
962 2070 994 2095 ct
1018 2076 1085 2106 cap.

246 2121 460 2152 XXXVIII.
493 2131 539 2159 pr.
568 2119 761 2157 Μιντούρνας.
808 2118 858 2147 Dc
884 2117 941 2147 hoc
971 2116 1087 2158 oppido

244 2174 408 2203 Ausonum
430 2170 469 2201 ad
487 2169 585 2200 Lirim
606 2169 663 2200 sito
680 2169 770 2211 plura
787 2169 912 2200 Cluver.
932 2168 1001 2199 Ital.
1020 2170 1086 2198 An-

243 2225 317 2265 tiqq.
343 2223 413 2252 111.
433 2232 481 2252 10.
509 2228 539 2251 et
564 2220 715 2251 Cellarius
742 2221 855 2262 Gcogr.
884 2222 959 2251 Ant.
983 2221 1032 2251 ΙΙ.
1055 2231 1084 2261 9.

241 2287 274 2318 p.
292 2275 361 2305 826.
378 2285 424 2314 sq.
462 2271 550 2302 Add.
576 2271 666 2302 Pauli
690 2272 824 2302 1110111111·
848 2272 1009 2314 Cosmogr.
1036 2274 1082 2304 II.

240 2338 269 2365 4.
286 2337 318 2367 p.
332 2332 421 2364 1054.
439 2323 485 2353 cd.
501 2322 631 2353 Plautin.

1148 2078 1179 2108 p.
1198 2070 1268 2107 289.
1293 2066 1488 2097 anckenaer.
1508 2065 1621 2096 Scholl.
1639 2065 1668 2095 in
1687 2066 1727 2095 N.
1743 2066 1782 2095 T.
1802 2065 1850 2095 ΙΙ.
1868 2077 1900 2107 p.
1913 2067 1989 2107 587.

1149 2119 1268 2150 Similes
1294 2118 1414 2149 subulas
1440 2118 1490 2148 alii
1518 2128 1643 2159 quoque
1670 2116 1832 2158 scriptores
1859 2116 1897 2147 de
1923 2116 1990 2148 aliis

1147 2178 1327 2201 memorant.
1364 2170 1442 2200 l'lin.
1470 2170 1512 2199 H.
1531 2169 1571 2199 N.
1597 2169 1669 2198 XV.
1687 2178 1737 2206 44.
1756 2170 1813 2209 85:
1845 2168 1989 2200 “Subest

1146 2234 1263 2264 specus,
1289 2222 1318 2252 111
1345 2233 1407 2263 quo
1435 2221 1545 2251 Manes
1571 2219 1638 2261 ejus
1662 2219 1828 2260 (Scipionis
1852 2219 1987 2251 Africani

1146 2273 1281 2315 majoris)
1300 2272 1453 2303 custodire
1471 2271 1564 2301 draco
1582 2270 1724 2301 diciu1··.”
1748 2271 1796 2301 Cf.
1815 2271 1942 2313 Origen.
1959 2284 1984 2303 c.

1146 2324 1270 2355 Celsum
1294 2325 1348 2354 IV.
1373 2335 1404 2365 p.
1422 2332 1493 2364 203.
1540 2321 1705 2364 Cogitandi
1732 2329 1804 2352 sunt
1827 2329 1928 2352 autem
1954 2322 1984 2353 in

284 2387 316 2418 p.
330 2375 351 2405 l.
368 2374 393 2403 d.
415 2375 429 2404 ὁ
447 2374 633 2415 Καστρίκιος]
652 2378 672 2391 “
685 2373 747 2404 Hic
763 2381 807 2404 est
823 2374 948 2404 Firmus
966 2375 1080 2406 Castri-
1101 2378 1128 2405 G
1146 2376 1192 2406 his
1214 2376 1370 2412 dracones,
1393 2374 1445 2416 qui
1470 2374 1700 2413 ἀγαθοόειίμονες
1722 2372 1806 2411 dicti,
1824 2373 1984 2404 Veteribus

240 2429 315 2465 cius,
332 2426 382 2457 cui
400 2424 588 2466 Porphyrius
612 2424 702 2454 libros
725 2436 795 2454 suos
816 2425 881 2463 περὶ
901 2426 1013 2465 ἀποχῆς
1032 2428 1081 2464 ἐμ-

239 2481 347 2520 ψύχων
361 2475 543 2517 insc1·ipsit.”
567 2476 694 2505 Fabrz'c.
734 2475 787 2505 Ad
802 2487 873 2505 eum
890 2475 950 2505 vid.
965 2477 1080 2507 Rhoer.

239 2543 268 2573 p.
288 2539 315 2561 2.
356 2527 525 2569 Scripserat
549 2526 674 2556 Firmus
699 2526 866 2557 Castricius
893 2536 1079 2558 commenta-

238 2582 318 2612 rium
339 2579 370 2610 in
386 2577 524 2609 Platonis
541 2577 751 2607 Parmeniden]
770 2577 839 2607 Vid.
857 2578 884 2607 F
886 2577 978 2608 abi-ic.
996 2578 1078 2610 Bibl.

240 2634 295 2663 Gr.
315 2630 382 2661 Vol.
402 2629 470 2660 III.
495 2640 524 2669 p.
545 2636 594 2668 79,
611 2628 660 2658 ed.
679 2627 800 2658 Harlcs.
847 2629 896 2659 De
919 2629 984 2659 aliis
1004 2631 1079 2660 Cas-

239 2683 331 2715 1110115
354 2681 417 2712 vid.
434 2680 515 2712 Gell.
532 2681 573 2711 N.
589 2681 632 2710 A.
654 2680 681 2710 Ι.
698 2681 728 2710 6.
750 2679 823 2721 ibiq.
844 2680 979 2711 Gronov.
1007 2682 1079 2712 Cas-

1144 2434 1173 2457 et
1190 2427 1340 2457 bonorum
1363 2425 1523 2465 geniorum
1545 2424 1611 2455 1000
1632 2424 1736 2455 habiti.
1776 2424 1826 2455 Cf.
1846 2423 1983 2455 Salmasii

1143 2477 1293 2508 Exercitt.
1315 2476 1416 2507 l‘linn.
1434 2488 1464 2518 p.
1478 2485 1549 2517 275.
1566 2488 1591 2506 a.
1609 2477 1645 2506 B.
1678 2477 1732 2507 Cr.

1185 2540 1215 2571 p.
1227 2528 1255 2558 li.
1268 2528 1296 2558 h.
1313 2531 1363 2558 τοῦ
1373 2528 1506 2567 δευτέρου
1520 2528 1600 2559 ἔτους
1611 2529 1660 2565 τῆς
1671 2528 1816 2558 Κλαυδίου
1825 2529 1983 2565 βασιλείας

1141 2580 1358 2622 πληρουμένου]
1384 2584 1404 2597 “
1419 2580 1520 2609 Natus
1536 2578 1630 2622 igitur
1643 2577 1785 2608 Plotinus
1800 2579 1842 2608 A.
1855 2579 1893 2609 C.
1910 2588 1980 2621 205.

1140 2639 1281 2662 mortuus
1297 2632 1339 2661 A.
1360 2640 1429 2670 270.
1452 2630 1523 2660 anni
1545 2630 1594 2660 66.
1616 2640 1676 2659 non
1700 2628 1829 2659 exacti.''
1853 2630 1978 2661 Fabric.

1142 2682 1302 2724 Syncellus
1318 2682 1347 2712 in
1363 2681 1599 2724 Clu-onograpli.
1614 2692 1643 2723 p.
1655 2682 1728 2721 361.
1743 2681 1841 2711 Paris.
1853 2681 1892 2712 ad
1908 2693 1979 2713 ann.
