2201 2990
240 161 319 196 400

347 246 409 273 Non
424 255 478 273 esse
492 247 519 273 z'n
534 247 655 273 universo
672 249 777 272 tantum
792 254 873 272 mlum
888 254 979 280 agens.

286 286 342 316 IV.
368 287 478 328 Neque
500 297 623 317 rursum
647 285 883 316 existimandum
908 292 965 322 est,
990 296 1080 316 mun-

242 328 317 359 dum
342 330 382 360 sic
406 341 503 360 unum
526 329 678 360 duntaxat
700 328 811 359 animal
835 340 910 366 esse,
934 336 969 358 ut
991 327 1022 358 in
1046 340 1082 358 eo

243 383 304 402 non
328 372 365 403 sit
391 373 492 403 anima
513 372 569 403 nisi
599 383 661 402 una
690 372 878 413 unicumque
903 382 1024 413 eorpus,
1049 379 1079 401 et

242 426 347 446 omnes
371 416 485 458 ubique
508 423 610 446 motus
636 415 749 457 pariter
774 422 803 445 et
833 414 959 444 effectus
986 425 1078 456 opera

242 465 363 489 tantum
377 458 514 500 ejusdem
530 458 640 489 animae
655 458 714 488 sint
731 457 897 488 necessario
912 457 1078 498 proceden-

243 501 302 532 tia:
328 501 473 544 nullaque
489 501 527 532 sit
541 501 600 532 alia
615 509 727 543 praeter
743 511 808 530 eam
825 511 933 530 causa:
957 499 1077 529 nullum

242 543 376 586 denique
391 556 494 587 agens.
541 544 590 575 Sic
606 544 685 574 enim
702 551 731 574 et
746 543 822 573 ordo
838 542 955 572 tollitur
975 553 1079 572 causa-

242 598 322 624 rum,
339 588 369 618 in
392 600 455 630 quo
470 588 569 618 fatum
592 586 755 617 consistere
778 585 981 615 communiter
1000 584 1080 614 arbi-

242 637 374 669 trantur,
391 639 421 661 et
440 630 573 672 dignitas
589 629 706 660 mundo
722 639 840 658 summa
855 627 1038 664 detrahitur,
1056 627 1079 657 si

242 673 367 704 unicum
391 673 420 704 in
444 685 480 704 eo
503 673 540 704 sit
562 684 655 714 agens
676 678 770 712 atque
799 681 943 700 movens:
971 676 1081 700 caetera

241 717 399 758 patiantur
422 724 541 747 tanturn
569 724 662 756 atque
692 720 881 744 moveantur.
929 712 1082 742 Perfectio

241 759 321 789 enim
345 759 453 790 mundi
474 759 665 801 potissimum
683 757 711 787 in
735 768 771 787 eo
793 755 940 792 consistit,
959 762 992 785 ut
1016 755 1082 785 uni-

242 813 363 833 versum
385 803 442 834 hoc
465 802 597 833 maxime
612 799 739 830 formale
755 799 792 829 sit
815 808 845 829 et
867 809 971 839 agenS,
988 798 1018 827 in
1034 810 1083 828 eo-

242 857 303 887 que
322 846 359 877 sit
376 846 543 876 formarum
560 852 590 874 et
606 843 763 884 agentium
779 841 855 872 ordo
871 852 964 882 quarn
981 840 1077 882 pluri-

241 899 321 919 mus.
368 890 522 919 Praeterea
543 898 612 917 cum
629 894 693 916 tota
714 885 805 927 primi
828 884 946 925 agentis
969 891 1078 914 natura

241 931 279 961 sit
302 931 367 973 ipsa
388 931 519 962 efficacia
541 940 665 972 prorsus
688 929 845 965 immensa,
862 939 909 957 res
932 926 1080 969 plurimas

240 974 385 1012 efficaces,
396 974 525 1015 ideoque
536 980 660 1014 agentes
672 984 708 1002 ex
723 984 752 1001 se
765 978 915 1013 propagat
930 982 935 1000 ε
954 970 1079 1011 quando

240 1017 365 1058 quidem
384 1025 413 1048 et
436 1016 514 1058 ignis
536 1027 629 1057 agens
652 1022 793 1057 agentem
817 1021 942 1055 generat
966 1013 1076 1054 ignem.

242 1061 321 1090 Item
345 1060 463 1102 primus
483 1060 546 1101 ipse
570 1066 680 1096 motor,
697 1068 890 1099 quiec-unque
911 1056 993 1086 solus
1015 1056 1079 1098 agit

239 1112 269 1133 et
299 1111 411 1141 movet,
434 1113 526 1144 quarn
557 1101 672 1143 optime
704 1100 831 1143 peragit.
879 1099 984 1129 Multa
1008 1111 1079 1129 vero

239 1146 349 1188 passini
366 1153 478 1188 przeter
493 1145 631 1175 ordinem
647 1143 873 1174 exactissimum
890 1150 983 1183 atque
1001 1143 1079 1184 opti-

239 1200 335 1225 mum,
352 1196 503 1230 (piantum
526 1188 554 1218 in
579 1187 706 1227 singulis
722 1195 766 1217 cst
789 1185 916 1222 naturis,
934 1185 1079 1216 videntur

238 1232 383 1262 accidere.
430 1233 479 1262 Ex
511 1243 573 1273 quo
607 1238 702 1273 patet,
733 1229 850 1260 naturis
880 1229 1078 1270 sequentibus

238 1286 351 1305 munus
367 1275 405 1305 ad
422 1274 575 1316 agendum
596 1273 753 1315 proprium
774 1284 833 1302 non
851 1271 964 1302 deesse.
1010 1273 1076 1302 Dc-

238 1318 331 1359 nique
355 1317 566 1348 intellectualis
588 1317 689 1347 anima
712 1316 786 1346 dum
810 1316 849 1346 ad
873 1326 903 1345 se
925 1315 1076 1345 converti-

239 1368 308 1391 tur:
335 1361 409 1391 dum
426 1361 556 1391 vicissim
573 1360 602 1390 in
619 1359 774 1402 oppositas
795 1357 997 1389 consultando
1012 1358 1077 1400 ipsa

238 1416 269 1435 se
284 1404 425 1435 distrahit
442 1404 631 1445 conjecturas
645 1416 650 1433 :
676 1403 750 1433 dum
768 1413 861 1444 opera
876 1409 995 1431 natura>
1012 1401 1077 1431 imi-

238 1455 332 1483 tatur,
363 1447 515 1484 emendat,
548 1447 715 1477 instaurat:
744 1445 818 1476 dum
849 1444 922 1474 alias
951 1444 1076 1485 quidem

237 1499 317 1521 recte
333 1491 540 1532 progreditur,
557 1490 629 1520 alias
646 1500 717 1519 vero
736 1488 955 1530 praevaricatur
969 1499 974 1517 :
1000 1487 1075 1517 dum

237 1542 267 1564 ct
290 1545 453 1575 corporum
478 1541 505 1564 et
536 1534 706 1563 animarum
735 1531 969 1573 supergreditur
994 1530 1077 1561 ordi-

238 1588 318 1613 nem,
337 1578 474 1618 profecto
489 1576 633 1612 declarat,
652 1587 705 1606 nec
721 1588 784 1605 esse
807 1586 836 1604 se
856 1573 994 1604 animalis
1010 1573 1078 1604 uni-

238 1619 315 1650 versi
332 1628 462 1662 partem,
481 1631 534 1650 nec
551 1619 592 1649 illi
610 1618 776 1649 necessario
792 1616 955 1647 subditam.

239 1707 333 1743 Neque
347 1717 394 1734 uos
408 1718 423 1734 α
440 1708 502 1734 ccrlo
518 1708 584 1741 cogi,
602 1716 683 1742 neque
699 1709 792 1732 mrtem
809 1715 824 1731 a
841 1706 904 1732 arlo
920 1708 1036 1735 tuntum,
1052 1707 1077 1730 el

545 1756 647 1773 necessu
652 1749 690 1773 rio
696 1778 701 1782 λ
705 1747 770 1777 ficri.

282 1796 320 1825 V.
342 1795 437 1825 Tertii
469 1795 603 1825 fatorum
634 1801 797 1824 assertores
820 1800 891 1822 sunt
919 1790 1076 1831 astrologi,

238 1849 297 1869 non
328 1849 443 1875 omnes,
467 1838 604 1879 inquam,
636 1837 687 1867 sed
717 1836 830 1878 plures.
854 1835 949 1876 idque
977 1834 1075 1864 fatum

237 1893 300 1911 esse
315 1881 433 1917 dicunt,
450 1881 533 1922 quod
551 1892 625 1910 suus
639 1880 751 1921 cuique
766 1888 916 1909 astrorum
934 1888 1078 1919 conspec-

239 1933 288 1954 tus
318 1925 495 1955 necessitate
526 1923 672 1954 deceruit.
720 1921 873 1953 Destinari
906 1932 976 1951 vero
1005 1920 1076 1950 inde

239 1978 323 1997 suani
354 1968 466 2008 cuique
490 1974 602 1997 sortem
633 1978 669 1996 ex
701 1978 736 1996 eo
766 1966 959 2001 confirmant,
991 1963 1075 2005 quod

238 2017 387 2040 astrorum
405 2010 616 2041 observatione
637 2008 764 2050 singulis
780 2016 909 2038 ventura
929 2018 1075 2048 praenun-

239 2052 362 2083 tientur.
410 2054 563 2084 Przetcrea
579 2052 662 2094 quod
679 2064 716 2082 ex
736 2062 869 2087 accessu,
885 2058 914 2081 et
938 2050 1074 2085 decessu,

238 2102 268 2125 et
284 2095 463 2126 habitudine
480 2096 630 2126 luminum
648 2095 677 2125 in
695 2094 874 2136 corporibus
892 2092 1076 2123 mutationes

237 2138 344 2169 mulne
359 2139 545 2178 contingant.
592 2138 734 2169 Plotinus
753 2146 856 2168 autem
881 2136 965 2166 nullo
988 2142 1077 2176 pacto

238 2181 317 2211 ferre
337 2189 436 2223 potest
459 2182 611 2212 hominem
629 2182 658 2212 in
677 2181 804 2221 siugulis
825 2180 959 2210 motibus
979 2178 1075 2208 radio-

238 2235 305 2254 rum
324 2224 470 2255 confluxu
491 2225 655 2256 ca‘lestium
681 2223 846 2254 necessario
867 2222 986 2263 agitari,
1003 2221 1075 2263 quia

238 2278 337 2309 neque
363 2279 473 2309 corpus
497 2268 665 2298 humanum
698 2279 768 2309 pars
792 2265 897 2296 mundi
929 2265 1075 2295 continua

237 2317 301 2341 est:
327 2321 426 2351 neque
448 2311 548 2340 anima
575 2310 706 2340 hominis
731 2321 801 2351 pars
821 2309 931 2339 anima>
955 2307 1073 2344 mundi,

238 2364 337 2395 neque
353 2365 370 2383 a
386 2354 493 2383 mundi
515 2353 616 2383 anima
638 2360 826 2394 procreatur.
873 2351 979 2381 Habet
1002 2362 1075 2391 ergo

237 2407 348 2438 corpus
364 2396 534 2426 humanum
550 2403 661 2437 pra-ter
678 2397 807 2437 figuram
826 2394 991 2436 propriam,
1008 2405 1073 2423 mo-

237 2447 333 2470 torem
357 2450 482 2480 quoque
504 2439 583 2468 intra
607 2450 636 2468 se
660 2438 830 2479 proprium,
852 2437 1075 2478 propriumque

236 2493 449 2524 progressum:
476 2489 636 2518 inotorem,
659 2481 796 2521 inquam,
826 2479 1073 2516 intellectualem,

237 2525 291 2567 qui
307 2536 378 2555 sane
398 2536 452 2567 per
475 2523 709 2554 intellectualem
732 2530 872 2552 naturam
891 2522 1075 2552 transcendit

236 2580 348 2610 corpus
360 2568 516 2608 vitamque
532 2566 650 2601 mnndi,
668 2565 783 2607 quippe
799 2564 852 2605 qui
869 2575 928 2593 uon
947 2564 984 2594 sit
1004 2576 1073 2605 pars

237 2611 380 2647 universi,
395 2610 446 2641 sed
459 2610 522 2652 ipse
537 2609 568 2639 in
585 2621 615 2640 se
627 2608 752 2649 aliquod
766 2608 952 2637 universum.
979 2607 1074 2636 Cum-

235 2666 296 2695 que
321 2654 419 2685 omnis
441 2653 536 2683 motio
559 2652 596 2683 sit
618 2651 716 2693 gratia
744 2650 834 2681 boni:
860 2649 980 2679 animus
1003 2661 1074 2679 vero

236 2704 338 2728 noster
360 2707 553 2728 communem
577 2695 672 2738 ipsam
691 2694 783 2725 totius
804 2692 874 2723 boni
899 2692 1075 2734 simpliciter

693 143 1124 185 ARGUMENTUM
1156 143 1386 183 MARSIL.
1418 143 1449 182 F
1454 142 1523 182 IC.

1125 249 1226 273 teneat
1241 241 1407 278 notionem,
1418 240 1448 271 in
1462 240 1518 271 hac
1533 245 1636 271 autem
1653 240 1734 270 bona
1748 239 1868 281 singula
1883 251 1963 270 com-

1125 285 1373 328 prehendantur:
1399 283 1507 314 merito
1525 290 1626 314 motus
1647 282 1740 313 animi
1757 294 1817 313 non
1836 282 1875 313 ad
1890 283 1961 321 hoc,

1124 336 1178 359 aut
1193 328 1269 358 illud
1285 335 1430 368 tanquam
1456 327 1571 357 bonum
1595 325 1764 357 necessario
1779 325 1960 363 destinatur,

1123 371 1176 402 sed
1205 371 1243 401 ad
1274 370 1434 412 quodlibet
1464 381 1521 411 pro
1547 370 1792 410 conjecturarum
1818 369 1964 399 varietate

1123 426 1211 456 aeque
1226 414 1364 444 conferre
1380 425 1410 443 se
1426 420 1535 455 potest.
1573 413 1595 442 J
1598 423 1646 442 am
1662 423 1734 442 vero
1750 412 1842 454 longa
1857 412 1887 442 in
1904 411 1960 442 sin-

1122 457 1203 499 gulis
1218 456 1410 493 consultatio,
1425 467 1460 486 ac
1475 467 1530 497 per
1550 455 1691 497 opposita
1706 455 1836 486 vicissim
1859 455 1960 497 pensi-

1123 500 1198 530 tatio
1213 499 1353 540 diligens,
1370 506 1400 529 et
1422 507 1528 528 exacta
1544 498 1687 539 quaedam
1703 497 1820 535 electio,
1836 506 1866 528 et
1889 509 1961 528 mox

1122 542 1160 572 ad
1183 542 1373 583 conjecturas
1386 541 1460 571 alias
1474 540 1648 571 retractatio
1663 540 1807 578 declarat,
1823 541 1961 571 animum

1123 596 1183 615 non
1200 584 1272 614 ferri
1288 591 1397 614 natura
1417 583 1562 624 quadam,
1580 582 1626 613 vel
1650 594 1733 614 more
1749 583 1796 614 vel
1815 583 1962 615 instinctu

1124 634 1252 664 naturae,
1270 626 1321 656 sed
1339 625 1502 656 universali
1517 625 1621 667 potius
1641 625 1798 667 liberaque
1816 626 1960 657 movendi

1124 677 1153 700 et
1173 669 1282 711 agendi
1299 669 1453 699 facundia.
1500 670 1582 699 Cum
1607 668 1702 710 igitur
1727 669 1883 711 propriam
1906 681 1961 700 na-

1126 720 1225 743 turam
1243 720 1272 743 et
1289 712 1450 743 efficaciam
1468 711 1645 748 habeamus,
1659 711 1790 753 ideoque
1806 711 1961 754 propriam

1126 755 1251 798 insuper
1266 755 1426 791 actionem,
1444 754 1552 785 merito
1568 765 1628 784 non
1650 754 1747 784 solum
1770 755 1828 785 sub
1850 754 1962 786 caelesti

1126 799 1261 840 patimur
1276 798 1404 835 actione,
1421 797 1472 828 sed
1496 797 1645 828 caelestein
1666 809 1792 839 quoque
1807 797 1961 828 influxum

1123 853 1179 883 pro
1205 841 1316 872 efficaci
1340 841 1526 883 proprietate
1550 840 1742 882 suscipimus,
1767 840 1887 882 ipsique
1911 840 1964 871 ali-

1123 884 1198 926 quid
1229 884 1299 914 inde
1329 884 1487 926 proprium
1517 883 1654 925 agimus:
1679 883 1814 925 itemque
1844 883 1963 925 aliquid

1123 939 1207 958 mera
1237 935 1340 958 nostra
1369 927 1554 969 proprietate
1584 926 1769 968 peragimus,
1816 927 1964 957 RIutatur

1123 971 1213 1001 etiam
1230 970 1357 1001 czelestis
1378 970 1514 1000 influxus
1534 969 1613 1000 circa
1632 981 1686 999 nos
1701 981 1738 1000 ex
1755 977 1865 1000 natura
1883 969 1964 1000 loco-

1123 1025 1191 1044 rum
1206 1026 1212 1044 :
1238 1025 1306 1044 nam
1324 1021 1353 1044 et
1370 1013 1427 1043 suh
1447 1012 1559 1054 exigua
1578 1012 1707 1043 climatis
1728 1013 1878 1054 cujusque
1893 1024 1962 1054 par-

1124 1057 1227 1095 ticula,
1243 1057 1294 1087 ubi
1311 1057 1401 1087 ctiam
1419 1055 1573 1086 stellarum
1590 1055 1727 1086 influxus
1741 1062 1787 1086 est
1804 1055 1896 1094 idem,
1911 1067 1960 1086 eo-

1123 1100 1192 1130 dem
1210 1108 1365 1130 moniento
1387 1107 1417 1130 et
1441 1110 1560 1140 semper
1577 1098 1696 1129 diversa
1719 1105 1897 1135 nascuntur,
1914 1104 1959 1129 at-

1123 1155 1184 1184 que
1206 1143 1389 1185 contingunt
1414 1154 1470 1184 pro
1495 1141 1670 1171 diversitate
1695 1141 1782 1178 situs,
1802 1149 1833 1172 et
1858 1148 1958 1179 terrae,

1122 1186 1261 1228 aerisque
1278 1194 1307 1217 et
1328 1198 1417 1227 aqua¹
1440 1192 1469 1215 et
1492 1193 1666 1221 ventorum,
1683 1192 1776 1225 atque
1799 1195 1960 1226 vaporum,

1123 1240 1306 1271 morumqtn¹
1322 1237 1351 1259 et
1371 1229 1483 1269 legum.
1533 1228 1685 1258 Pra=terea
1701 1226 1812 1257 similes
1828 1227 1962 1268 plerum-

1122 1284 1183 1314 que
1206 1273 1257 1303 filii
1282 1280 1351 1302 sunt
1376 1270 1554 1314 parentibus
1577 1278 1607 1300 et
1631 1270 1802 1300 nutricibus
1828 1270 1859 1300 in
1886 1281 1961 1312 qua-

1121 1327 1244 1357 cunque
1261 1316 1334 1346 hora
1352 1322 1515 1345 nascantur
1530 1322 1559 1344 et
1577 1313 1764 1350 nutriantur,
1783 1320 1890 1355 utpote
1906 1313 1961 1355 qui

1122 1359 1190 1400 plus
1206 1359 1373 1389 admodum
1391 1370 1408 1388 a
1424 1357 1497 1394 suis,
1513 1368 1606 1398 quain
1629 1357 1668 1386 ab
1691 1356 1767 1386 hora
1783 1355 1958 1398 suscipiant,

1121 1411 1214 1443 atque
1226 1402 1315 1432 etiam
1334 1401 1357 1431 si
1373 1401 1412 1431 ob
1427 1411 1620 1431 conununem
1636 1399 1690 1429 loci
1703 1407 1733 1429 et
1745 1399 1959 1440 generationis,

1121 1445 1357 1486 nutritionisque
1385 1452 1525 1474 naturam
1551 1443 1649 1473 foi-nm
1677 1442 1755 1472 inter
1779 1454 1810 1472 se
1837 1441 1896 1472 sint
1920 1442 1958 1473 si-

1122 1488 1222 1518 miles:
1242 1500 1323 1530 szepe
1339 1496 1439 1518 tamen
1457 1486 1625 1529 plurimum
1643 1485 1779 1515 moribus
1791 1493 1821 1516 et
1837 1485 1960 1527 ingenio

1121 1531 1279 1567 differunt,
1297 1531 1412 1573 quippe
1433 1541 1502 1560 cum
1525 1528 1685 1559 diversitas
1704 1528 1876 1558 animorum
1893 1536 1960 1558 tum

1122 1574 1254 1615 ingenio,
1272 1582 1336 1605 tum
1360 1573 1496 1603 moribus
1518 1572 1661 1602 differens
1680 1570 1804 1602 aliunde
1824 1571 1958 1613 insuper,

1121 1629 1214 1659 quam
1230 1629 1266 1648 ex
1284 1617 1329 1647 liis
1345 1616 1498 1657 corporeis
1519 1615 1626 1651 causis,
1642 1614 1768 1645 oriatur.
1815 1614 1960 1656 Denique

1122 1661 1174 1691 ubi
1190 1661 1310 1691 animus
1333 1658 1536 1689 incitamentis
1556 1657 1690 1699 corporis
1709 1657 1900 1696 adversatur,
1915 1657 1960 1687 id-

1122 1716 1182 1745 que
1205 1703 1277 1734 facit
1302 1701 1531 1744 tranquillitatis
1560 1709 1590 1731 et
1617 1700 1824 1741 intelligentiae
1849 1700 1959 1741 gratia,

1122 1746 1255 1777 declarat
1272 1758 1302 1776 se
1318 1754 1347 1777 et
1362 1745 1481 1787 operari
1498 1744 1601 1780 libere,
1615 1751 1644 1774 et
1660 1755 1677 1773 a
1693 1754 1819 1785 corpore
1835 1743 1960 1785 proprio

1120 1802 1180 1820 non
1204 1789 1388 1831 dependere,
1406 1799 1504 1829 neque
1528 1787 1622 1828 igitur
1644 1798 1661 1816 a
1682 1786 1792 1816 caelesti
1813 1797 1958 1827 corpore:

1121 1833 1205 1875 quod
1224 1832 1348 1874 quidem
1376 1843 1428 1874 per
1453 1838 1591 1861 nostrum
1614 1840 1725 1870 corpus
1749 1828 1846 1859 solum
1871 1840 1961 1871 agere

1122 1888 1176 1906 nos
1199 1888 1286 1918 posse
1302 1875 1434 1905 videtur.
1480 1872 1609 1914 Corpori
1633 1883 1705 1902 vero
1728 1880 1832 1902 nostro
1850 1871 1961 1903 mentis

1120 1928 1186 1950 tum
1205 1919 1328 1955 virtute,
1349 1927 1413 1948 tuin
1435 1916 1534 1957 gratia
1558 1926 1720 1957 possumus
1743 1914 1896 1952 reluctari,
1913 1915 1957 1945 vi-

1120 1971 1245 2004 tamque
1255 1962 1366 2003 eligcre
1380 1960 1472 1991 menti
1486 1967 1730 1995 consentaneam,
1742 1957 1882 1999 quamvis
1894 1969 1959 1988 cor-

1120 2005 1186 2047 pori
1203 2005 1337 2041 noxiam,
1354 2016 1387 2034 ac
1409 2015 1489 2044 sa=pe
1507 2002 1581 2032 dum
1602 2000 1707 2031 similis
1728 2008 1885 2042 permanet
1901 2012 1957 2032 na-

1120 2056 1189 2079 tura
1204 2056 1233 2079 ct
1249 2047 1385 2078 incitatio
1396 2045 1542 2088 corporis,
1555 2044 1697 2086 quiedam
1711 2043 1867 2074 dissimilia
1881 2044 1959 2074 inter

1120 2104 1150 2122 se
1167 2091 1353 2133 quandoque
1370 2089 1501 2120 solemus
1517 2088 1627 2129 eligere
1640 2099 1696 2129 pro
1712 2087 1956 2128 conjecturarum

1120 2135 1271 2165 duntaxat
1289 2133 1444 2169 varietate,
1456 2140 1549 2173 atque
1564 2131 1653 2161 etiam
1673 2130 1724 2160 ubi
1737 2129 1833 2160 evasit
1848 2137 1959 2160 natura

1119 2178 1253 2219 corporis
1265 2178 1328 2218 jam
1340 2175 1502 2213 dissimilis,
1516 2173 1623 2204 similia
1639 2172 1836 2203 nihilominus
1848 2172 1959 2215 eligere

1119 2220 1343 2257 consuevimus,
1368 2219 1390 2249 si
1416 2218 1492 2249 ratio
1515 2216 1618 2247 similis
1641 2215 1834 2258 persuaserit,
1852 2222 1959 2257 utpote

1118 2264 1171 2305 qui
1188 2272 1260 2294 tunc
1282 2275 1341 2293 non
1360 2270 1420 2293 tam
1438 2273 1475 2291 ex
1490 2260 1611 2290 influxu
1633 2270 1789 2301 corporeo,
1806 2269 1900 2300 quam
1920 2269 1956 2289 ex

1118 2306 1328 2347 intelligentiae
1359 2304 1544 2345 rationisque
1575 2302 1730 2332 affluentia
1760 2301 1955 2344 pendeamus.

1120 2350 1211 2388 Quod
1228 2358 1330 2380 autem
1346 2347 1483 2379 nonnulli
1500 2345 1637 2377 tradunt,
1656 2353 1758 2375 nostra
1774 2344 1839 2375 haec
1854 2356 1872 2375 a
1887 2343 1956 2375 stel-

1119 2393 1154 2423 lis
1177 2393 1263 2429 estici,
1288 2392 1361 2433 quia
1384 2390 1593 2431 significentur
1623 2400 1660 2418 ex
1688 2387 1792 2423 stellis,
1818 2387 1957 2418 confuta—

1120 2444 1185 2466 tum
1213 2443 1257 2466 est
1286 2435 1356 2465 alibi
1387 2433 1477 2463 etiam
1502 2431 1689 2474 diligentius.
1738 2431 1791 2460 Tu
1814 2441 1886 2460 vero
1914 2429 1956 2459 ita

1118 2478 1266 2509 conclude
1280 2491 1285 2508 :
1314 2479 1351 2508 In
1375 2476 1511 2518 quolibet
1535 2482 1690 2505 momento
1705 2485 1739 2504 ac
1755 2473 1845 2503 etiam
1860 2472 1890 2502 in
1906 2481 1956 2501 eo-

1119 2522 1189 2552 deni
1214 2521 1311 2552 stadio
1334 2531 1426 2561 quam
1450 2518 1582 2560 plurima
1612 2516 1701 2547 simul
1725 2515 1805 2546 nasci
1828 2521 1955 2560 possunt

1117 2565 1195 2595 inter
1210 2576 1240 2595 se
1256 2564 1386 2599 diversa,
1404 2573 1464 2592 non
1481 2561 1579 2591 solum
1596 2559 1801 2601 singularibus
1819 2555 1955 2602 acciden-

1118 2607 1210 2643 tibus,
1227 2618 1334 2637 verum
1353 2606 1443 2636 etiam
1468 2603 1567 2646 specie
1590 2610 1682 2644 atque
1705 2610 1824 2646 genere,
1841 2597 1954 2639 quibus

1117 2650 1207 2680 etiam
1235 2650 1353 2680 diversa
1378 2648 1464 2678 valde
1488 2658 1551 2677 sors
1574 2644 1693 2686 obtigit,
1717 2652 1803 2683 quam
1827 2651 1887 2670 non
1913 2640 1953 2670 ab

1118 2692 1193 2723 bora
1208 2693 1360 2723 duntaxat
1377 2698 1486 2722 natura
1499 2699 1599 2719 rerum
1616 2695 1646 2717 et
1661 2686 1783 2716 fortuna
1799 2682 1951 2713 trahatur:
