2201 2990
587 134 649 173 IN
680 133 788 172 LIB.
810 133 890 171 III.
923 132 1178 171 ENNEAD.
1209 132 1505 172 SECUNDAE.

207 234 283 275 signi
299 233 426 265 termino
441 230 583 273 positum,
600 229 747 260 nonnulla
761 228 948 270 promittere,
965 240 1036 270 qnae

207 288 266 306 non
289 283 377 307 antea
399 280 530 316 praestet,
547 283 640 313 quam
656 271 703 301 vel
724 271 762 301 ad
784 270 914 301 eundem
932 271 1034 301 termi-

206 330 279 350 num
297 323 473 352 revertatur,
485 315 531 345 vel
549 314 673 344 totidem
690 314 760 344 anni
776 321 968 355 przctereant,
982 325 1036 355 per

206 369 281 403 quot
296 360 409 401 gradus
424 357 600 388 ascenderit.
626 358 704 386 Item
722 356 806 397 quod
822 356 959 398 promisit
975 367 1035 386 non

207 404 289 445 prius
304 400 469 436 absolvere,
486 411 578 441 quain
601 399 720 440 signum
738 399 816 429 idem
835 399 862 428 in
882 399 972 429 natali
988 410 1034 429 rc-

205 445 358 476 volutione
380 443 466 473 nobis
488 453 609 472 rursum
633 441 819 472 ascenderit:
847 449 876 472 ct
899 449 975 483 quot
998 441 1037 471 ab

204 488 288 518 initio
309 486 456 527 gradibus
479 485 565 515 nobis
590 484 777 522 ascenderat,
800 484 887 514 annis
910 484 1035 514 totidem

203 531 233 560 in
251 529 339 560 natali
353 528 539 559 revolutione
554 527 715 558 ascendere
730 539 846 558 rursus.
870 528 1034 563 Praeterca,

202 572 336 614 planetas
352 571 496 612 singulos,
513 570 647 611 aliasque
665 570 765 600 stellas
786 577 879 611 prout
899 570 970 600 alibi
988 570 1034 600 vel

201 615 271 646 alibi
295 614 486 645 nascentibus
508 613 677 651 imminent,
694 613 835 643 effectum
860 613 956 653 inagis
978 613 1035 643 mi-

202 670 296 688 nusve
318 658 449 688 differre.
492 657 607 687 Totum
623 656 747 697 quidem
765 656 821 686 hoc
839 656 969 686 hominis
991 662 1033 686 est

203 713 257 743 pro
272 700 397 731 arbitrio
410 699 606 735 numerantis,
619 710 653 729 ac
668 699 811 739 fingentis
828 699 929 740 potius
941 711 1033 741 quam

202 743 345 774 docentis.
371 743 437 773 Etsi
453 743 605 784 planetam
621 741 809 782 probabilius
826 742 939 783 fingere
955 742 1034 777 licet,

201 786 325 828 quando
346 786 423 816 redit
445 785 484 815 ad
508 785 599 821 idem,
615 785 715 815 facere
731 784 867 815 similiter
883 785 974 822 idem,
992 791 1034 815 ta-

202 840 280 866 men,
297 829 380 870 quod
397 829 495 858 facere
517 827 616 869 primo
639 839 699 857 non
722 827 833 869 potuit,
850 828 967 858 efficere
990 840 1035 858 se-

200 872 301 902 cundo
317 883 375 901 non
399 871 528 912 poterit:
554 882 653 911 neque
676 871 766 912 plane
788 871 949 913 perspicio,
966 883 1035 901 cur-

202 926 269 944 nam
293 926 329 944 ex
352 914 448 955 prima
472 913 620 955 positione
643 925 702 943 non
727 913 828 951 faciat,
843 925 914 955 quae
929 914 1037 944 fortior

200 957 365 988 admodum
383 957 412 987 in
429 957 516 987 nobis
538 964 583 986 est
606 956 747 986 secunda.
794 957 884 993 Quod
901 957 981 987 idem
998 957 1037 987 dc

200 999 343 1031 dilatione
359 999 536 1041 simpliciter
550 999 663 1029 dicitur
679 999 718 1029 ad
734 999 901 1041 agendum,
915 1001 1037 1042 penitus

200 1051 244 1074 est
260 1044 442 1073 confictum:
468 1054 537 1073 nam
561 1042 584 1072 si
604 1054 693 1072 causa
718 1042 781 1084 ipsa
804 1042 879 1072 dum
904 1055 1037 1085 praesens

200 1093 254 1121 cst,
272 1097 330 1116 non
348 1085 447 1121 efficit,
465 1085 562 1116 multo
578 1085 678 1115 minus
694 1085 812 1127 peragit
827 1085 943 1116 absens.
978 1087 1036 1116 Af-

201 1130 297 1159 ferent
322 1129 400 1158 forte
423 1136 535 1159 certam
562 1128 654 1169 hujus
678 1140 777 1159 causae
798 1128 858 1158 vim
882 1141 917 1159 eo
940 1141 1036 1170 usque

201 1171 328 1202 servari:
354 1184 412 1213 ego
427 1182 509 1208 vero,
526 1171 578 1201 ubi
595 1179 742 1209 servetur,
758 1171 927 1212 exquiram.
974 1173 1036 1202 Aut

201 1214 280 1244 enim
298 1215 327 1244 in
345 1214 441 1244 causis
457 1214 543 1244 nobis
561 1214 843 1256 propinquioribus,
859 1220 913 1245 aut
929 1215 958 1244 in
976 1226 1037 1245 ma-

202 1257 286 1293 teria,
308 1264 359 1287 aut
386 1257 548 1298 utrobique
572 1264 720 1287 servatur.
766 1258 844 1287 Esto
868 1257 973 1298 igitur,
996 1257 1038 1288 ita

201 1308 348 1330 servetur.
383 1301 432 1330 Ita
447 1308 527 1330 certe
543 1307 670 1336 Servata,
688 1311 744 1341 pro
759 1311 875 1337 eorum,
892 1312 962 1341 quae
978 1312 1037 1330 ser-

202 1350 283 1379 vant,
301 1343 472 1373 conditione
495 1350 643 1379 servatur,
660 1351 753 1384 atque
768 1343 806 1373 ad
823 1343 957 1384 ipsorum
984 1355 1034 1373 na-

201 1392 300 1415 turam
322 1385 453 1416 trahitur
476 1385 635 1427 paulatim,
654 1393 684 1415 et.
706 1397 762 1427 pro
784 1397 890 1416 00111111
915 1386 1037 1416 distine-

201 1428 282 1458 tione
297 1428 507 1469 distinguitur.
553 1428 644 1466 Quod
660 1440 733 1469 ergo
748 1428 881 1470 denique
900 1429 961 1465 fiet,
978 1429 1036 1459 sub

200 1471 386 1512 proprietate
410 1478 511 1501 nostra
534 1471 646 1512 potius,
668 1482 761 1512 quam
782 1471 947 1509 communi,
963 1483 1035 1502 con—

200 1513 307 1555 tinget.
348 1514 515 1551 Quintum:
540 1514 802 1555 quemadmodum
818 1514 849 1544 in
865 1514 1037 1556 Theologia

200 1556 408 1598 probavimus,
431 1568 465 1587 ac
490 1568 595 1587 rursus
621 1556 692 1587 alibi
717 1564 909 1599 repetemus:
939 1558 1037 1588 omnis

199 1611 359 1630 causarum
376 1600 467 1630 turba
482 1611 520 1630 ex
538 1611 599 1630 una
618 1599 779 1641 primaque
797 1600 949 1641 dependet
964 1612 1035 1631 cau-

200 1654 241 1679 sa,
256 1642 332 1673 adeo
355 1650 387 1673 ut
410 1643 480 1673 inde
503 1643 540 1673 sit
563 1650 593 1673 et
616 1650 754 1673 servetur
773 1650 867 1685 atquc
890 1643 1034 1681 ducatur,

199 1685 332 1726 alioquin
358 1685 517 1716 diversitas
542 1697 701 1716 causarum
730 1697 789 1716 non
817 1686 967 1716 conducet
996 1687 1035 1717 ad

202 1739 307 1766 unum,
328 1728 383 1758 nisi
407 1736 436 1759 et
459 1728 631 1759 deducatur
653 1728 691 1759 ab
715 1740 786 1759 uno.
834 1730 1035 1771 Qtuccunque

200 1770 293 1811 igitur
318 1772 397 1802 fiunt
421 1771 563 1813 desuper,
588 1779 734 1813 tanquam
763 1784 781 1802 a
808 1783 927 1802 summo
954 1772 1035 1803 bono

201 1814 373 1855 pendentia,
390 1821 419 1845 et
442 1814 630 1845 ornatissime
652 1815 741 1852 fiunt,
758 1822 788 1845 et
810 1815 927 1857 optima
949 1816 1034 1846 veni-

202 1864 265 1886 unt.
313 1858 412 1887 Nemo
435 1857 528 1898 igitur
551 1857 651 1888 stellas
676 1858 722 1888 vel
751 1858 828 1888 solas
851 1858 963 1895 omnia,
988 1858 1032 1889 vel

202 1898 281 1928 mala
295 1899 384 1930 etiam
401 1898 498 1930 facere
513 1900 625 1931 audeat
640 1900 786 1931 confiteri.

206 1986 306 2012 ludii-ia
323 1988 444 2022 quinque,
459 1988 528 2022 quod
549 1988 631 2014 stellae
652 1988 804 2024 significant
822 1990 913 2023 potius
933 1992 1033 2019 nostra,

519 2037 598 2063 quam
613 2032 705 2063 agant.

248 2073 324 2102 VII.
357 2072 495 2103 Plotinus
521 2081 549 2104 et
578 2074 726 2116 Origenes
749 2075 949 2117 condiscipuli
977 2076 1034 2106 sub

204 2115 366 2145 Annnonio
383 2115 602 2153 Alexandrino,
619 2129 653 2148 ac
676 2129 794 2159 semper
809 2118 908 2155 amici,
925 2118 980 2149 hac
1003 2119 1033 2149 in

204 2170 234 2187 re
258 2157 334 2188 sicut
358 2158 386 2187 in
410 2158 561 2200 plerisque
578 2160 786 2191 consentiunt:
812 2161 912 2191 stellas
935 2173 1034 2203 neque

202 2200 303 2230 omnia
327 2200 434 2237 facere,
459 2212 568 2242 neque,
593 2202 645 2232 ubi
667 2210 776 2244 agunt,
799 2203 923 2234 omnino
945 2216 1033 2246 pera-

202 2254 283 2283 gere.
331 2244 409 2273 Item
431 2243 527 2274 multa
547 2244 724 2285 significare,
741 2258 811 2287 quae
826 2246 899 2288 ipsae
914 2258 974 2277 non
991 2248 1034 2278 fa-

202 2286 281 2316 ciant
296 2298 301 2315 :
327 2297 386 2315 11011
403 2286 514 2323 omnia,
530 2286 664 2328 inquam,
681 2288 790 2326 facere,
806 2300 843 2319 110
859 2289 882 2319 si
898 2290 977 2320 mala
991 2290 1034 2320 fe-

202 2329 307 2365 cerint,
327 2328 371 2358 vel
391 2329 475 2358 Deus
498 2340 556 2358 non
579 2330 748 2371 provideat,
766 2331 811 2361 vel
832 2332 870 2362 sit
890 2332 1033 2373 injustus,

202 2372 357 2412 stcllaeque
374 2371 461 2401 simul
478 2371 608 2411 injustae.
654 2374 764 2415 Neque
779 2385 884 2404 rursus
899 2376 1033 2413 omnino,

202 2425 240 2444 ne
266 2414 288 2444 si
316 2414 355 2444 ad
382 2413 605 2444 exactissimum
631 2414 704 2456 ipsae
731 2416 850 2457 singula
876 2426 1033 2459 peragant,

203 2456 388 2487 naturalium
412 2468 513 2486 rerum
536 2457 615 2487 actio
632 2465 729 2495 vacet,
744 2466 774 2488 et
796 2458 925 2489 liberum
941 2468 1035 2492 cesset

202 2499 371 2530 arbitrium.
420 2499 516 2529 Simili
532 2511 656 2540 quoque
676 2511 823 2531 consensu
844 2502 1033 2543 frequentem

203 2542 294 2572 stellis
310 2542 558 2583 significationem
576 2543 623 2572 vel
638 2542 691 2573 ubi
708 2554 766 2573 non
788 2552 891 2585 agant,
907 2544 1035 2576 libenter

202 2585 313 2615 ideirco
335 2585 523 2615 concedunt:
549 2584 691 2626 quoniam
709 2597 746 2616 ex
762 2585 819 2616 1100
839 2586 942 2617 divina
963 2599 1034 2629 pro-

202 2627 335 2658 videntia
351 2628 481 2658 maxime
501 2628 717 2658 confirmatur:
742 2639 841 2669 neque
863 2629 942 2659 enirn
965 2642 1033 2672 pos-

204 2678 267 2700 sent
284 2670 312 2700 in
331 2670 471 2712 praesenti
488 2670 543 2700 hac
561 2670 690 2701 universi
709 2671 782 2702 facie
799 2671 934 2712 praeferri
957 2672 1034 2704 indi-

1838 150 1914 185 2¹9

1079 228 1124 258 cia
1138 227 1363 270 praeteritorum
1383 236 1476 270 atque
1497 229 1685 266 futurorum,
1702 230 1757 260 nisi
1781 243 1827 262 res
1850 244 1916 274 pas-

1079 271 1134 301 sim
1158 270 1260 307 rebus,
1278 277 1417 312 tempora
1433 271 1621 312 temporibus
1638 279 1721 302 certo
1737 274 1868 313 quodam
1886 283 1915 306 et

1078 312 1276 354 consequenti
1292 313 1399 343 ordine
1416 320 1619 344 necterentur.
1658 314 1707 344 Ex
1723 326 1786 355 quo
1801 318 1915 358 perspi-

1079 367 1135 386 cue
1158 362 1253 397 patet,
1270 366 1331 386 non
1355 356 1468 386 incerto
1489 356 1614 397 quidem
1637 368 1708 386 casu
1732 366 1841 388 cuncta
1864 370 1915 389 va-

1080 398 1156 440 gari,
1174 398 1224 428 sed
1242 398 1359 429 ratione
1374 400 1506 440 quadani
1524 406 1553 429 ct
1569 399 1761 441 providentia
1776 401 1848 441 regi.
1885 402 1915 431 si

1080 448 1231 483 perpetua
1254 442 1425 472 consideres
1447 441 1602 472 stellarum
1628 441 1753 479 lumina,
1770 451 1799 473 et
1822 455 1918 473 acces-

1081 496 1132 514 sus
1146 484 1185 514 ad
1202 496 1257 514 nos
1272 492 1365 526 atque
1380 496 1524 521 recessus,
1540 484 1708 516 concedent
1726 486 1865 516 Plotinus
1887 494 1917 516 et

1079 527 1228 569 Origenes
1243 539 1280 557 ex
1298 528 1343 558 liis
1359 535 1478 558 tantum
1494 528 1578 569 apud
1594 540 1648 558 nos
1664 527 1750 565 offici,
1765 536 1914 570 quantum

1078 570 1185 600 ordine
1201 571 1332 601 naturali
1348 570 1496 612 procedit,
1513 578 1543 601 ct
1560 570 1598 601 ad
1615 582 1777 612 corporum
1802 580 1917 613 spectat

1079 613 1262 650 affectiones,
1288 621 1318 644 et
1343 614 1373 644 id
1399 614 1524 655 quidem
1549 614 1722 644 conditione
1748 614 1916 651 communi,

1079 668 1149 697 qua)
1166 668 1220 698 per
1235 657 1409 698 propinqua
1432 657 1519 687 nobis
1539 656 1637 687 valeat
1660 658 1836 698 permutari.
1884 658 1915 688 Si

1079 707 1196 741 spectes
1212 700 1322 730 iterum
1339 700 1414 730 situs
1429 700 1584 730 stellarum
1600 700 1794 741 quotidianos
1813 708 1916 731 mutu-

1078 754 1174 783 osque
1189 750 1340 784 aspectus,
1352 742 1426 773 scito
1438 754 1474 773 ex
1488 743 1534 773 liis
1549 743 1631 784 apud
1647 743 1702 773 lios
1719 743 1917 785 philosophos

1079 794 1181 816 nostra
1204 785 1306 827 potius
1329 786 1501 827 significari,
1518 797 1610 827 quam
1634 786 1694 827 agi.
1741 786 1831 823 Quod
1850 786 1917 827 qui-

1080 828 1149 858 dem
1167 829 1315 870 Origenes
1330 828 1359 858 in
1378 829 1506 859 Genesis
1526 829 1759 865 commentariiS,
1777 829 1829 859 ubi
1846 830 1918 859 dici-

1081 878 1131 901 tur
1148 871 1247 902 stellas
1263 871 1356 902 fuisse
1371 872 1466 902 factas
1482 872 1511 902 in
1529 871 1613 913 signa
1627 884 1634 902 ι
1660 880 1689 902 01
1707 872 1847 902 Plotinus
1869 872 1917 903 1110

1081 914 1169 944 simul
1194 922 1224 945 et
1247 914 1277 944 111
1302 915 1380 945 libro
1400 915 1438 945 de
1460 916 1549 951 Fato,
1564 915 1702 956 quinque
1726 915 1915 956 potissimum

1080 965 1336 998 argumentantur
1352 957 1481 988 indiciis
1528 958 1685 988 Primum:
1713 959 1783 988 Non
1807 965 1917 1000 potest,

1080 1000 1162 1041 quod
1191 1001 1342 1042 posterius
1368 1009 1423 1038 est,
1449 1001 1579 1031 efficiens
1605 1012 1695 1031 causa
1718 1001 1918 1042 praecedentis

1080 1043 1218 1074 existere.
1266 1043 1417 1085 Astrologi
1435 1055 1506 1074 vcro
1522 1055 1558 1074 cx
1575 1044 1742 1074 nativitatis
1762 1044 1837 1074 hora
1857 1056 1917 1074 non

1081 1086 1190 1124 solum,
1214 1098 1285 1128 quae
1309 1095 1457 1117 eventura
1483 1094 1554 1117 sunt
1578 1094 1659 1124 nato,
1685 1087 1737 1117 sed
1761 1099 1833 1128 qum
1852 1088 1916 1129 jam

1080 1137 1259 1167 evenerunt,
1278 1130 1417 1171 judicare
1440 1130 1643 1171 promittunt:
1674 1137 1777 1160 utrum
1801 1142 1918 1161 mascu-

1082 1172 1129 1202 lus
1152 1172 1199 1209 sit,
1216 1184 1255 1202 an
1278 1173 1420 1202 foemina:
1448 1180 1551 1202 utrum
1575 1184 1711 1209 mancus,
1728 1184 1766 1202 an
1790 1173 1917 1215 integer.

1083 1216 1151 1245 Iino
1174 1227 1246 1245 vero
1269 1223 1299 1246 et
1325 1215 1416 1245 altius
1438 1215 1467 1245 in
1492 1215 1638 1245 hodierna
1661 1215 1817 1246 stellarum
1840 1216 1919 1258 posi-

1082 1258 1162 1288 tione
1183 1258 1281 1289 multa
1300 1258 1387 1288 nobis
1407 1258 1524 1299 aperire
1547 1258 1701 1300 przeterita
1724 1260 1918 1300 profitentur,

1080 1312 1150 1342 quae
1173 1312 1232 1331 11011
1256 1301 1445 1331 nativitatem
1470 1300 1579 1338 solum,
1597 1301 1648 1331 sed
1669 1301 1730 1331 nati
1747 1302 1918 1343 conceptio-

1081 1354 1148 1373 nem
1174 1344 1265 1374 etiam
1289 1343 1520 1374 antecesserint:
1545 1351 1708 1385 parentum
1733 1350 1762 1374 et
1790 1356 1917 1375 avorum

1081 1394 1205 1417 naturas
1229 1394 1322 1428 atque
1346 1387 1494 1424 fortunas,
1520 1387 1649 1417 fratrum
1677 1399 1801 1428 quoque
1825 1388 1919 1429 majo-

1080 1440 1148 1459 rum
1171 1437 1264 1471 atque
1288 1429 1475 1471 reliquorum
1498 1430 1585 1460 nobis
1608 1430 1828 1461 necessitudine
1849 1442 1919 1461 con-

1074 1472 1266 1513 junctorum.
1311 1473 1365 1503 Ad
1392 1473 1457 1503 11ωο
1486 1480 1589 1503 autem
1617 1473 1703 1514 quasi
1730 1473 1832 1514 priora
1858 1485 1916 1504 non

1081 1522 1181 1556 potest
1204 1527 1294 1546 causa
1315 1528 1379 1546 esse
1401 1515 1465 1546 caeli
1487 1516 1586 1556 figura
1609 1516 1768 1557 posterior,
1786 1516 1836 1546 scd
1854 1525 1918 1547 esto

1081 1557 1213 1600 signum,
1239 1558 1262 1588 si
1284 1558 1359 1600 quid
1386 1559 1477 1589 modo
1500 1559 1641 1589 declarat.
1688 1559 1779 1596 Quod
1803 1559 1826 1589 si
1849 1559 1918 1601 quis

1079 1601 1225 1632 concedat
1241 1601 1395 1643 praeterita
1411 1602 1535 1643 quidem
1552 1613 1589 1632 ex
1606 1602 1652 1631 his
1668 1609 1787 1632 tantum
1804 1614 1916 1644 reprae-

1080 1644 1202 1682 sentari,
1219 1645 1325 1675 futura
1341 1656 1413 1675 vero
1428 1645 1552 1686 insuper
1567 1645 1660 1675 effici:
1682 1645 1705 1674 is
1721 1652 1849 1686 cogetur
1864 1657 1917 1675 no-

1080 1687 1126 1718 bis
1149 1687 1308 1718 ostendere
1330 1688 1543 1726 diffcrentiam,
1566 1696 1595 1718 ct
1619 1687 1798 1718 discriminis
1823 1688 1917 1730 hujus

1078 1742 1199 1760 causam
1223 1731 1384 1772 assignare.
1432 1733 1581 1769 Curnam,
1599 1730 1622 1760 si
1645 1731 1682 1761 ad
1707 1731 1861 1772 przeterita
1884 1732 1917 1761 fi-

1077 1785 1157 1814 gura
1172 1785 1305 1816 praesens
1320 1786 1412 1804 causa
1427 1786 1487 1804 non
1503 1781 1558 1811 cst,
1574 1774 1613 1804 ad
1629 1773 1735 1804 futura
1750 1774 1787 1804 sit
1803 1776 1915 1804 causa?

1080 1817 1129 1846 Ac
1145 1816 1168 1846 si
1184 1817 1294 1858 positio
1310 1817 1422 1848 Martis
1438 1817 1467 1847 in
1483 1825 1593 1858 quarta
1608 1817 1807 1855 demonstrat,
1819 1824 1848 1847 et
1865 1828 1917 1858 pa-

1078 1866 1179 1889 rentes
1204 1859 1265 1890 cito
1289 1860 1375 1897 mori,
1401 1868 1431 1890 et
1456 1868 1560 1890 natum
1589 1860 1807 1902 patrimonium
1831 1860 1916 1890 dissi-

1078 1913 1168 1943 pare:
1195 1902 1273 1933 sicut
1291 1914 1391 1944 neque
1406 1903 1543 1945 positura
1566 1903 1630 1933 haec
1654 1910 1794 1945 parentes
1817 1910 1915 1940 necat,

1079 1945 1121 1975 ita
1143 1956 1243 1987 neque
1265 1945 1414 1988 dilapidat
1437 1946 1665 1988 patrimonium.
1710 1947 1783 1976 Janl
1799 1957 1871 1976 vero
1886 1954 1917 1976 et

1078 1988 1185 2018 futura
1215 1989 1357 2030 quaedam
1389 2001 1444 2030 per
1470 1989 1547 2019 hanc
1577 1988 1720 2031 astrologi
1751 1989 1917 2031 praedicere

1079 2031 1271 2073 pollicentur,
1291 2043 1423 2073 quorum
1448 2032 1547 2074 figura
1569 2032 1633 2062 lia’c
1656 2043 1748 2062 causa
1769 2043 1833 2062 esse
1855 2043 1916 2062 non

1078 2082 1194 2115 potest:
1221 2074 1331 2105 scilicet
1353 2076 1467 2112 uxoris,
1484 2083 1514 2105 ct
1536 2075 1677 2111 fratrum,
1694 2082 1724 2105 et
1746 2075 1915 2105 amicorum

1078 2124 1191 2148 sortes:
1223 2129 1293 2159 quae
1320 2129 1389 2148 suas
1416 2129 1475 2148 non
1500 2118 1530 2148 in
1554 2118 1609 2148 hac
1634 2118 1744 2159 figura,
1770 2118 1821 2148 sed
1844 2118 1915 2148 alibi

1077 2171 1183 2190 causas
1205 2160 1330 2191 liabent.
1376 2161 1520 2202 Denique
1543 2172 1597 2202 per
1617 2169 1796 2202 praesentem
1813 2161 1915 2191 caeles-

1078 2203 1155 2233 tium
1171 2203 1396 2241 habitudinem,
1411 2216 1481 2245 quae
1502 2211 1571 2245 post
1590 2215 1685 2234 annos
1701 2203 1826 2245 triginta
1841 2215 1914 2234 con-

1078 2245 1207 2288 tingent,
1228 2247 1251 2276 si
1274 2246 1366 2277 modo
1389 2246 1529 2288 portendi
1552 2253 1691 2288 possunt,
1713 2247 1816 2288 perfici
1835 2254 1915 2277 certe

1078 2300 1137 2319 non
1161 2297 1300 2331 possunt.
1345 2289 1461 2320 Merito
1480 2289 1574 2331 igitur
1591 2289 1774 2331 plerumque
1797 2289 1914 2327 dicunt,

1078 2340 1167 2362 natus
1188 2332 1236 2363 1110
1253 2332 1318 2374 ipse
1338 2332 1455 2362 sibimet
1473 2344 1564 2363 causa
1579 2333 1635 2363 erit
1651 2332 1913 2363 incommodorum

1078 2386 1216 2412 suorum,
1244 2375 1320 2405 alius
1345 2375 1587 2406 commodorum.
1632 2375 1808 2406 Secundum
1836 2375 1913 2406 indi-

1078 2417 1177 2448 cium:
1204 2418 1235 2448 Si
1252 2418 1391 2460 patibulo
1406 2418 1589 2449 moriturum
1612 2418 1745 2460 aliquem
1768 2418 1913 2455 dixerint,

1078 2472 1138 2492 non
1154 2463 1172 2491 a
1187 2461 1345 2492 nativitate
1367 2473 1421 2492 sua
1437 2461 1467 2491 id
1484 2461 1685 2499 solummodo,
1702 2473 1808 2492 verum
1824 2461 1913 2492 etiam

1078 2512 1251 2545 parentum,
1271 2504 1414 2542 fratrum,
1435 2504 1579 2542 filiorum,
1601 2504 1793 2546 aliorumque
1816 2515 1915 2534 neces-

1079 2558 1245 2577 sariorum:
1270 2559 1332 2578 lmo
1355 2559 1427 2578 vero
1450 2555 1539 2577 etiam
1563 2559 1600 2577 ex
1625 2554 1782 2578 iiativitate
1808 2557 1915 2577 necan-

1078 2588 1155 2619 tium
1171 2590 1299 2632 intelligi
1314 2602 1402 2632 posse
1418 2597 1539 2631 putant.
1573 2590 1603 2620 Si
1620 2602 1682 2631 qua
1698 2601 1769 2620 vero
1785 2588 1912 2630 patibuli

1078 2631 1172 2673 hujus
1194 2644 1285 2663 causa
1299 2641 1355 2670 est,
1371 2633 1419 2663 vel
1437 2644 1497 2662 una
1515 2639 1570 2669 est,
1587 2632 1634 2662 vel
1658 2633 1681 2662 si
1704 2633 1816 2674 plures,
1834 2637 1913 2660 certe

1079 2675 1250 2715 conjunctae
1273 2682 1354 2712 sunt,
1371 2682 1401 2705 et
1425 2675 1454 2705 in
1478 2675 1559 2716 ipso:
1587 2675 1638 2705 ubi
1656 2686 1727 2704 vero
1742 2674 1772 2703 in
1788 2672 1913 2703 diversis

1134 2728 1154 2751 F
1173 2719 1191 2751 f
1208 2726 1226 2752 2
