2201 2990
563 290 954 336 PRAEFATIO
1008 289 1319 337 EDITORI
1333 292 1381 338 S.

110 537 172 592 SI
200 557 278 601 quis
309 556 398 589 alius
427 554 667 599 philosophus,
699 554 862 587 Plotinus
890 558 1089 598 temporum
1119 554 1304 589 varietates
1332 556 1553 601 fortunaeque
1580 557 1834 593 vicissitudines

104 615 222 649 subiit.
278 614 438 647 Primum
466 612 629 656 discipuli
656 612 943 656 reliquorumque
970 612 1161 655 aequalium
1190 613 1282 646 haud
1311 614 1413 657 pauci
1439 615 1569 648 divinis
1596 628 1676 649 eum
1702 617 1834 650 viribus

104 672 292 717 przeditum
312 671 474 705 arbitrati
493 671 651 703 (livinum
677 671 909 714 appellarunt.
963 670 1110 710 Deinde,
1130 682 1239 714 quum
1260 671 1428 705 Ecclesiae
1447 673 1590 717 quidam
1612 674 1734 707 Patres
1759 675 1835 720 ejus

104 730 232 775 placita
250 742 328 763 cum
354 741 452 762 sacra
470 728 604 761 Christi
626 728 948 772 Apostolorumque
972 728 1132 761 doctrina
1156 728 1280 762 intime
1304 742 1497 776 congruere
1517 731 1730 776 judicarent,
1750 744 1836 766 11011-

104 789 201 822 nulla
224 789 329 822 etiam
355 799 397 821 ex
424 787 516 820 Novi
536 786 757 820 Testamenti
782 786 891 825 libris,
910 786 1066 830 epistolis
1091 786 1255 826 maxime,
1275 789 1436 821 desnmta
1460 790 1721 830 contenderent,
1740 803 1836 824 eum-

104 859 171 891 que
191 846 334 890 plurimi
354 846 507 879 facerent
525 854 532 877 :
559 844 697 882 acriter,
717 849 838 877 contra
856 845 1112 890 impugnarunt
1138 845 1242 878 multi
1267 846 1409 886 ethnici,
1428 846 1490 890 qui
1507 846 1694 881 Aristoteli
1719 853 1836 892 patro-

105 905 316 943 cinarentur,
335 905 435 949 cujus
455 902 660 947 Categorias
679 902 834 946 aliasque
854 903 1044 935 sententias
1063 914 1221 936 eversum
1241 904 1338 937 iisset
1356 904 1422 938 iste
1440 905 1544 938 homo
1564 905 1798 951 Lycopolites.

154 962 203 995 Et
221 962 515 1006 quemadmodmn
536 960 592 993 hic
610 960 701 993 idem
720 972 782 1004 per
800 960 954 993 labentia
977 960 1082 993 medii
1101 961 1167 994 aevi
1186 963 1315 995 saecula
1338 962 1493 996 fautores
1518 975 1599 997 suos
1624 964 1832 998 obtrectato-

104 1032 227 1064 resque
246 1025 367 1053 nactus
386 1024 448 1055 est,
468 1019 517 1052 ita
536 1018 797 1052 renascentibus
822 1018 932 1051 literis
956 1018 1091 1051 diversa
1117 1019 1344 1053 sentientium
1370 1020 1487 1054 studia
1511 1021 1686 1055 excitavit.
1740 1023 1833 1057 Nam

103 1090 213 1122 quum
238 1078 411 1123 Georgius
431 1076 695 1120 Trapezuntius
723 1076 904 1121 Stagiritae
931 1080 1047 1120 partes
1074 1076 1125 1110 ita
1151 1081 1290 1110 tantum
1317 1089 1353 1111 se
1379 1078 1471 1111 tueri
1497 1090 1598 1122 posse
1625 1084 1777 1123 putaret,
1804 1081 1832 1114 si

105 1136 288 1169 Platonem
308 1146 516 1178 mnnemque
535 1134 610 1177 ejus
630 1133 801 1166 familiam
822 1133 857 1166 111
877 1145 1050 1166 summam
1069 1133 1238 1167 invidiam
1257 1136 1462 1169 adduxisset
1478 1146 1485 1169 τ
1514 1136 1707 1171 Platonica:
1726 1139 1832 1171 ratio-

104 1194 158 1227 nis
183 1199 346 1227 strenuus
372 1193 499 1225 vindex
524 1191 661 1224 exstitit
680 1191 866 1231 Bessari03
895 1195 927 1224 et
948 1191 1117 1225 Mediceae
1135 1192 1260 1225 domus
1280 1193 1474 1237 Principes,
1493 1194 1653 1234 Cosmus,
1675 1195 1832 1229 Lauren-

104 1252 173 1285 tius
192 1252 387 1295 horumque
406 1250 511 1283 cliens
529 1249 670 1282 Ficinus
692 1249 871 1282 Plotinum
891 1254 1060 1292 tanquam
1078 1251 1229 1283 alterum
1249 1250 1444 1290 Platonem,
1459 1256 1494 1284 et
1512 1252 1573 1295 qui
1592 1252 1686 1286 illius
1705 1265 1832 1287 arcana

103 1310 307 1349 recluderet,
327 1308 486 1342 certatim
504 1309 701 1341 coluerunt.
755 1307 927 1340 Matthias
954 1311 1071 1340 autem
1096 1307 1154 1340 ille
1174 1306 1347 1341 Corvinus
1368 1308 1578 1342 Enneadum
1604 1310 1711 1344 libros
1738 1323 1832 1345 sum-

104 1372 202 1400 tuose
221 1372 361 1410 paratos
381 1367 415 1399 111
436 1366 532 1411 regia
556 1377 620 1398 sua
643 1365 853 1398 bibliotheca
878 1365 1094 1408 reponendos
1118 1365 1265 1398 curavit.
1319 1366 1443 1410 Neque
1462 1371 1579 1400 tamen
1599 1367 1703 1402 iidem
1723 1369 1831 1413 prius,

103 1437 208 1469 quam
228 1429 376 1457 exeunte
394 1424 522 1457 saeculo
540 1422 738 1466 insequenti
758 1422 881 1467 (XVI)
901 1421 1026 1455 Graeco
1044 1434 1202 1456 sermone
1227 1423 1393 1467 descripti
1418 1429 1501 1457 sunt
1525 1425 1631 1470 typis,
1650 1427 1755 1471 idque
1779 1439 1833 1461 so-

103 1483 169 1515 lius
190 1482 388 1525 bibliopolae
407 1480 563 1520 consilio,
581 1485 616 1513 et
634 1492 676 1513 ex
695 1485 847 1524 quatuor
866 1481 1111 1514 tantummodo
1130 1481 1307 1514 codicibus
1326 1482 1586 1527 manuscriptis.
1631 1484 1711 1524 Quo
1729 1497 1832 1529 opere

102 1540 262 1584 proximo
281 1541 409 1573 saeculo
425 1538 551 1580 (XVII
558 1545 566 1582 )
583 1538 736 1571 studiose
756 1550 825 1571 non
844 1539 961 1571 minus
979 1550 1084 1582 quam
1105 1538 1284 1584 ingeniose
1302 1551 1386 1572 usus
1405 1544 1458 1573 est
1475 1541 1512 1573 in
1531 1541 1720 1575 Britannia
1738 1543 1832 1576 Cud-

101 1598 270 1638 worthus,
288 1599 340 1631 vir
359 1598 401 1630 ad
416 1598 610 1642 juvandam
630 1596 813 1641 antiquam
832 1596 1091 1640 philosophiam
1110 1602 1225 1637 natus,
1244 1602 1279 1631 et
1298 1597 1491 1632 Platonicae
1510 1610 1589 1632 cum
1608 1600 1734 1633 veteris
1753 1605 1829 1634 tum

101 1655 304 1689 recentioris
318 1656 438 1700 justus
457 1654 662 1687 aestimator.

153 1713 194 1746 In
215 1713 339 1759 Belgio
358 1717 476 1746 autem
496 1712 623 1745 Petrus
644 1711 803 1757 Baylius,
822 1712 904 1745 licet
922 1717 1017 1746 totus
1036 1713 1094 1746 ille
1113 1713 1254 1758 quidem
1274 1713 1310 1746 in
1328 1713 1609 1758 philosophando
1627 1727 1711 1749 suus
1730 1723 1829 1757 esset,

103 1771 296 1804 Plotiniani
324 1770 458 1817 ingenii
484 1770 708 1803 altitudinem
735 1770 930 1804 admiratus
957 1780 1019 1804 est.
1072 1772 1206 1805 Octavo
1224 1783 1306 1804 vero
1324 1777 1358 1805 et
1376 1772 1511 1805 decimo
1537 1775 1676 1814 saeculo,
1694 1780 1830 1818 postea-

101 1841 207 1873 quam
226 1829 260 1863 V
262 1829 379 1862 oltarii
403 1829 547 1873 ejusque
569 1833 780 1861 sectatorum
803 1828 994 1862 auctoritas
1019 1841 1080 1873 per
1098 1829 1298 1863 universam
1318 1830 1389 1863 fere
1410 1830 1590 1874 Europam
1614 1832 1829 1873 eminuisset,

103 1886 284 1920 Platonica
314 1898 384 1919 non
412 1886 528 1919 minus
560 1897 665 1930 quam
695 1885 898 1919 Christiana
929 1887 1088 1920 doctrina
1118 1887 1230 1933 magis
1260 1887 1296 1921 111
1327 1888 1400 1921 dies
1431 1888 1614 1934 magisque
1644 1891 1827 1924 detrectari

102 1950 214 1988 coepta
241 1949 303 1984 est,
321 1949 362 1977 ut
388 1944 518 1977 mirum
545 1955 615 1976 11011
642 1943 698 1983 sit,
718 1955 738 1977 a
757 1943 929 1984 Gibbono,
949 1945 1152 1985 Meinersio,
1171 1946 1219 1978 W
1221 1946 1369 1986 ielando,
1389 1946 1467 1979 aliis
1487 1946 1687 1981 Platonicos
1715 1961 1830 1983 recen-

103 2003 206 2036 tiores
225 2003 330 2036 etiam
349 2002 543 2046 despicatui
561 2014 634 2035 esse
653 2003 787 2036 ductos.
841 2003 972 2037 Nostra
990 2004 1141 2048 denique
1159 2008 1245 2037 aetas
1266 2004 1519 2038 Alexandrinae
1537 2005 1683 2039 familiae
1702 2007 1829 2050 placita

104 2072 194 2094 nunc
217 2062 261 2094 ad
281 2060 554 2106 Regiomontani
579 2060 779 2104 philosophi
802 2062 974 2095 rationem
999 2061 1104 2108 exigi,
1123 2067 1157 2095 et
1180 2063 1274 2095 velut
1297 2062 1510 2096 luxuriantis
1536 2064 1613 2109 agri
1637 2065 1829 2098 exuberan-

105 2117 189 2150 tiam
207 2119 251 2151 ad
269 2118 462 2151 exilitatem
484 2118 699 2151 Kantianam
719 2119 883 2164 castigari
901 2119 1000 2158 vidit,
1019 2131 1112 2152 nunc
1136 2120 1180 2153 ab
1198 2120 1276 2153 aliis
1301 2120 1519 2164 philosophis
1539 2121 1749 2162 Germaniae,
1768 2123 1828 2167 qui

104 2174 245 2208 liberius
263 2175 527 2219 circumspicere
546 2176 721 2220 altiusque
740 2178 875 2210 evolare
893 2177 1089 2221 coepissent,
1109 2178 1270 2221 cupidius
1289 2178 1470 2222 aliquanto
1489 2180 1644 2219 tractari,
1663 2186 1697 2214 et
1715 2182 1758 2213 ad
1778 2192 1830 2214 re-

104 2243 182 2265 rum
202 2233 414 2266 naturalium
434 2233 607 2278 principia
625 2246 815 2279 causasque
834 2236 1023 2269 noscendas
1042 2235 1214 2269 adhiberi.

156 2289 278 2323 Critici
304 2302 393 2331 vero,
412 2296 446 2324 et
470 2292 531 2335 qui
553 2292 792 2336 Antiquitatis
819 2293 1011 2337 disciplinis
1038 2305 1179 2337 operam
1207 2299 1347 2334 navant,
1367 2299 1594 2339 posteaquam
1614 2296 1828 2329 Laurentius

106 2348 383 2381 Rhodomannus
412 2349 543 2383 Plotini
572 2350 783 2394 scriptorum
810 2351 965 2384 omnium
997 2351 1186 2385 editionem
1216 2352 1405 2385 meditatus
1437 2358 1523 2392 erat,
1553 2353 1686 2397 Caspai·
1712 2360 1826 2387 autem

106 2405 275 2438 Barthius
300 2409 334 2438 et
355 2405 461 2451 Hugo
479 2407 624 2442 Grotius
651 2408 758 2442 libros
785 2409 920 2453 aliquot
938 2409 1066 2443 Latine
1085 2414 1272 2449 verterant,
1291 2410 1319 2443 si
1345 2410 1523 2453 superiore
1550 2416 1738 2455 nostroque
1765 2423 1828 2444 sa>-

105 2465 182 2497 culo
208 2474 318 2496 unum
346 2464 562 2508 alterumque
588 2466 752 2510 excipias,
771 2467 834 2500 has
854 2467 1040 2500 Enneadas
1068 2479 1110 2500 ne
1137 2468 1309 2501 lectitasse
1331 2467 1473 2511 quidem
1493 2468 1664 2501 videntur.
1718 2469 1826 2513 Cujus

105 2521 155 2554 rei
174 2533 243 2554 non
262 2521 337 2554 haec
355 2532 426 2553 una
444 2532 547 2555 causa
564 2528 627 2563 est,
646 2536 751 2568 quam
775 2525 879 2558 modo
897 2525 1021 2571 attigi:
1049 2530 1130 2559 sunt
1154 2526 1233 2559 aliae
1257 2537 1407 2569 quoque,
1427 2538 1514 2570 quas
1541 2526 1605 2559 hoc
1631 2526 1743 2571 magis
1770 2538 1827 2558 ex-

105 2579 233 2623 plicare
256 2578 351 2618 libet,
371 2590 441 2622 quo
464 2580 718 2624 conjunctiores
742 2594 792 2617 eae
815 2587 897 2616 sunt
919 2595 998 2618 cum
1019 2583 1211 2617 Plotiniani
1233 2583 1366 2628 ingenii
1391 2583 1506 2617 indole
1528 2584 1672 2628 ejusque
1694 2583 1823 2627 ingenii

105 2636 351 2670 monumentis.
