2201 2990
644 133 708 172 IN
739 133 849 172 LIB.
875 132 946 171 IV.
980 131 1237 171 ENNEAD.
1260 132 1558 174 SECUNDAE.

237 232 308 262 tiam
326 231 532 274 potentialem,
550 229 596 260 vel
613 229 780 271 potentiam
797 228 925 259 vicissim
947 228 1072 258 essenti-

235 275 322 305 alem.
371 273 486 305 Merito
501 272 581 303 enim
598 272 743 313 potentiae
766 279 796 302 et
818 279 905 302 actus
928 270 956 300 in
982 271 1073 301 rebus

235 316 444 350 accidentales,
462 323 492 346 et
502 316 639 356 jacentes
655 314 684 344 in
702 314 771 352 alio,
789 314 866 344 sieut
889 313 1073 355 rediguntur

235 360 264 390 in
281 367 382 390 actum
399 358 531 400 primum
548 357 806 399 praeexistentem,
823 356 864 387 sic
887 356 917 386 in
942 356 1071 398 primam

235 402 402 444 potentiam
423 400 658 431 subsistentem:
684 400 774 441 cujus
794 399 918 441 quidem
944 410 1008 429 esse
1034 399 1071 430 sit

233 446 311 475 forte
331 444 461 480 subesse,
478 443 555 473 sicut
577 450 607 473 et
631 442 794 473 materialis
810 443 916 473 formae
932 453 995 472 esse
1010 441 1071 472 for-

233 487 308 518 sitan
324 494 368 517 est
383 486 489 517 inesse.
536 485 596 516 Sed
612 485 661 516 hic
699 491 826 516 raeterea
841 484 975 526 theologi
991 496 1069 515 non-

233 530 306 560 nulli
334 529 435 560 dicent
462 529 562 570 ipsum
594 497 770 570 simpiiciter
796 540 860 559 esse
889 528 1070 559 antecedere

231 572 419 609 naturaliter,
442 572 504 602 sive
524 571 640 602 ratione
664 571 798 613 quadam
821 579 851 602 et
875 571 982 601 ordine
1005 583 1069 602 esse

231 615 271 646 sic
293 623 347 646 aut
369 614 467 652 aliter,
483 622 537 645 ant
558 614 617 651 hic,
633 621 688 645 aut
707 614 758 645 ibi.
806 614 946 656 Ideoque
969 625 1069 656 neque

230 658 359 689 formam
382 658 478 689 inesse
500 669 599 700 posse,
615 657 671 687 nisi
690 657 776 699 prius
791 657 829 688 sit
845 657 1023 699 simpliciter
1038 658 1068 688 in

230 713 260 731 se
275 701 353 744 ipsa:
371 712 470 743 neque
486 700 643 732 materiam
658 707 739 731 recte
754 700 882 742 intelligi
894 712 982 742 posse
999 701 1069 731 sub-

230 756 303 781 esse,
320 744 376 775 nisi
392 744 580 786 intelligatur
593 743 824 785 quodammodo
844 744 930 786 prius
953 743 1069 786 simpli-

229 787 304 818 citer
318 798 398 818 esse:
423 787 506 829 quod
523 786 649 828 quidem
669 798 734 817 esse
754 787 888 829 primuni
912 788 1069 829 appellant

229 841 292 861 esse
314 830 470 861 essentiae:
495 830 544 860 cui
563 841 634 860 mox
657 829 778 861 addunt
800 842 864 861 esse
886 830 1067 861 existentiae.

230 874 291 904 Per
301 873 435 915 primum
450 873 574 915 quidem
591 873 678 903 aiunt
694 884 757 904 rem
774 885 837 904 esse
853 873 883 903 in
901 885 956 904 sua
971 885 1070 904 essen-

229 916 280 952 tia,
305 923 399 958 atque
425 928 463 946 ex
490 916 563 958 ipsa.
610 917 671 947 Per
698 917 867 947 secundum
896 928 978 954 vcro,
1006 928 1069 947 rem

227 959 313 990 aiunt
328 970 392 990 esse
407 959 438 989 in
453 959 564 990 effectu
580 971 746 1001 rerumque
761 959 879 997 ordine,
896 968 926 990 et
946 960 1070 991 aliunde

228 1002 371 1044 pendere.
417 1004 518 1040 Quam
534 1002 574 1033 ob
587 1014 650 1032 rem
667 1002 835 1034 concedent
851 1003 985 1034 materiae
1008 1003 1068 1045 pri-

228 1056 313 1076 mum
332 1057 396 1076 esse
418 1057 473 1087 per
496 1057 538 1083 se,
560 1045 729 1076 secundum
754 1058 826 1077 vero
848 1058 903 1088 per
926 1046 1066 1077 formam.

229 1088 322 1119 Forte
338 1100 410 1119 vero
426 1088 576 1119 Platonici
592 1088 718 1130 quidam
739 1089 829 1120 etiam
854 1089 988 1131 primum
1004 1101 1067 1120 csse

227 1131 362 1162 materia*
384 1131 545 1162 auferent:
571 1132 739 1173 praesertim
764 1132 816 1163 ubi
834 1132 989 1163 Plotinum
1014 1144 1068 1163 au-

227 1174 317 1205 diunt
332 1174 544 1216 prohibentem
562 1175 708 1216 assignari
723 1175 825 1217 ipsum
841 1187 905 1206 esse
921 1175 1066 1206 materiae.

229 1217 315 1248 Sicut
330 1229 404 1260 ergo
418 1217 551 1260 theologi
568 1218 656 1248 multi
681 1218 711 1248 in
735 1218 835 1260 primo
858 1230 959 1249 rerum
983 1219 1067 1260 prin-

226 1259 305 1301 cipio
317 1272 380 1291 esse
396 1268 516 1302 ponunt
531 1260 594 1291 sine
609 1261 751 1292 essentia:
770 1262 811 1292 sic
824 1269 853 1292 et
866 1261 897 1292 hi
911 1262 1067 1292 materiam

227 1303 315 1344 quasi
330 1304 490 1334 essentiam
506 1304 569 1334 sine
584 1315 647 1334 esse
664 1305 832 1346 putabunt:
851 1316 950 1346 neque
966 1313 1068 1336 tamen

227 1346 368 1383 nihilum,
385 1346 437 1377 sed
453 1346 571 1388 aliquid
593 1347 804 1389 appellabunt.
853 1348 934 1378 Nam
950 1356 980 1378 et
998 1347 1069 1378 Plo-

226 1389 308 1419 tinus
320 1390 475 1420 materiam
489 1390 652 1432 imaginem
667 1390 803 1432 appellat
818 1391 968 1422 essentiae.
1001 1391 1066 1422 Sic-

226 1440 260 1462 ut
283 1443 356 1474 crgo
375 1444 422 1463 res
436 1433 504 1463 aliae
519 1444 589 1463 suas
604 1433 718 1464 habent
740 1433 899 1476 imagines,
912 1446 984 1476 quae
999 1434 1066 1475 qui-

225 1475 307 1512 dem,
324 1476 465 1517 quamvis
481 1487 528 1507 res
543 1476 616 1517 ipsae
631 1487 691 1506 non
709 1476 779 1514 sint,
797 1485 869 1508 sunt
892 1485 993 1508 tamen
1012 1476 1065 1507 ali-

225 1518 300 1559 quid
315 1531 320 1548 :
349 1518 389 1549 sic
416 1527 446 1550 et
472 1519 635 1561 imaginem
662 1519 811 1558 essentiae,
836 1520 978 1561 quamvis
1004 1531 1063 1550 non

225 1572 325 1591 veram
342 1562 514 1599 essentiam,
532 1569 632 1592 tamen
658 1562 794 1593 nonnihil
817 1569 847 1593 et
870 1562 987 1605 aliquid
1012 1574 1064 1593 no-

224 1604 415 1635 minabimus.
462 1605 610 1642 Quamvis
632 1613 735 1636 autem
751 1605 876 1636 materia
892 1606 951 1636 diei
968 1606 1063 1649 possit

225 1658 333 1685 unum,
350 1654 380 1678 et
403 1647 541 1678 nonnihil
556 1655 586 1678 et
601 1647 718 1690 aliquid
733 1661 738 1678 :
764 1660 876 1690 negare
892 1657 993 1680 tamen
1015 1661 1062 1680 so—

224 1690 297 1728 lent,
314 1690 411 1732 ipsam
434 1691 556 1732 proprie
579 1690 696 1732 aliquid
711 1703 794 1722 esse:
819 1703 857 1722 ne
872 1692 973 1723 forsan
994 1693 1060 1722 ani-

224 1744 302 1771 mus,
319 1733 394 1764 dum
416 1733 502 1764 audit
525 1733 652 1776 aliquid,
669 1734 840 1776 suspicetur
859 1735 976 1777 aliquid
999 1747 1062 1766 esse

224 1776 363 1807 formale:
381 1776 459 1807 sicut
475 1776 643 1818 plurimum
658 1778 825 1808 consuevit.
852 1778 975 1821 Quippe
990 1790 1060 1810 cum

224 1819 288 1860 ipse
303 1819 341 1850 sit
356 1819 464 1857 forma,
479 1827 573 1862 atque
588 1832 626 1851 ex
641 1820 747 1852 formis
766 1821 910 1852 incitetur
925 1822 964 1853 ad
981 1822 1061 1864 cogi-

225 1861 364 1900 tandum,
379 1862 553 1905 cogitetque
569 1875 624 1906 per
638 1863 762 1895 formas.
807 1865 857 1895 Re
872 1876 944 1895 vera
959 1873 1060 1896 tamen

224 1905 350 1936 materia
360 1905 518 1947 judicatur
532 1918 563 1938 re
579 1907 645 1949 ipsa
659 1907 798 1938 nonnihil
809 1914 838 1939 et
853 1907 969 1950 aliquid
986 1920 1060 1951 qua-

273 2737 364 2762 VOL.
393 2740 417 2763 1.

1882 141 1951 180 281

1118 228 1141 258 si
1165 228 1373 259 substantiale.
1423 229 1515 259 Unde
1532 230 1674 261 Plotinus
1697 233 1726 262 in
1750 235 1958 275 superioribus

1117 271 1169 307 ait,
1187 271 1343 301 materiam
1360 282 1424 301 esse
1439 272 1619 313 corporibus
1642 276 1846 306 necessariam.
1894 280 1955 308 No-

1117 325 1178 355 que
1193 324 1307 344 vanum
1331 325 1441 344 nomen
1463 326 1538 351 esse,
1560 315 1612 345 sed
1635 316 1807 357 subjectum
1830 319 1954 361 aliquod

1116 356 1256 398 quamvis
1278 356 1455 387 occultum:
1482 357 1641 399 multoque
1664 359 1760 400 magis
1783 361 1954 402 subjectum

1116 399 1184 436 hoc,
1206 411 1299 441 quam
1323 400 1510 441 quantitates
1532 401 1758 443 qualitatesque
1781 403 1953 436 subsistere.

1116 442 1208 480 Quod
1224 450 1255 473 et
1272 442 1412 474 Timaeus
1428 443 1552 481 indicat,
1570 444 1622 475 ubi
1645 444 1697 481 ait,
1714 453 1784 476 ante
1804 448 1953 478 mundum

1115 485 1208 516 fuisse
1230 485 1431 517 architectum
1455 487 1563 517 mundi
1580 487 1663 518 velut
1679 495 1798 530 patrem
1814 497 1843 520 et
1859 498 1955 521 mate-

1115 528 1188 559 riam
1211 529 1289 560 sicut
1310 537 1459 560 matrem:
1485 530 1706 573 materiamque
1728 532 1863 574 appellat
1886 533 1956 564 sub—

1108 572 1228 613 jectum
1244 579 1275 603 ct
1290 572 1536 615 susceptaculum
1553 581 1646 615 atque
1662 573 1773 605 locum.
1818 577 1869 606 Ex
1886 576 1954 618 qui-

1115 615 1172 645 bus
1196 615 1296 646 verbis
1321 624 1460 658 apparet,
1484 617 1641 647 materiam
1667 629 1729 648 rem
1755 630 1819 649 esse
1845 627 1956 661 praeter

1113 666 1279 701 conceptus
1293 666 1323 689 et
1339 659 1500 690 relationes
1522 667 1639 690 nostras
1659 661 1839 703 corporibus
1857 662 1954 693 subsi-

1113 701 1247 732 dentem.
1294 702 1385 739 Quod
1404 703 1597 744 Peripatetici
1613 715 1738 746 quoque
1754 705 1953 736 confirmant:

1114 745 1167 775 ubi
1184 745 1386 776 substantiam
1409 745 1600 777 distribuunt
1623 747 1653 777 in
1677 747 1835 778 materiam
1851 756 1881 779 et
1896 749 1956 779 for-

1115 799 1195 819 mam
1211 795 1305 830 atque
1321 789 1536 831 compositum.
1582 790 1730 828 Quamvis
1744 798 1846 822 autem
1862 800 1955 823 mate-

1115 831 1189 862 riam
1214 831 1416 862 substantiam
1440 832 1643 870 nominemus,
1660 833 1734 875 quia
1754 834 1872 865 substat
1892 847 1956 866 cor-

1115 875 1252 916 poribus,
1266 886 1366 917 neque
1377 875 1459 917 jacet
1475 876 1505 906 in
1520 875 1592 906 alio:
1610 884 1756 918 putamus
1772 885 1873 908 tamen
1888 890 1953 909 eam

1115 917 1247 960 desuper
1269 926 1421 960 perpetuo
1444 918 1636 961 dependere:
1661 919 1739 950 adeo
1763 928 1796 951 ut
1823 921 1895 952 nihil
1924 922 1954 952 in

1114 973 1149 991 ea
1172 961 1285 1003 vigoris
1311 962 1349 992 sit
1375 961 1414 992 ad
1441 974 1472 992 se
1494 963 1744 994 conservandam.
1790 964 1954 1006 Dependet

1113 1004 1208 1046 igitur
1230 1011 1295 1035 tum
1319 1004 1359 1035 ab
1379 1005 1444 1047 ipsa
1467 1012 1578 1036 natura
1600 1006 1687 1047 quasi
1710 1018 1804 1038 nervo
1819 1008 1953 1049 quodam

1113 1047 1183 1078 inde
1199 1047 1349 1078 devincta.
1398 1048 1480 1086 Quin
1497 1048 1588 1079 etiam
1604 1060 1658 1091 per
1673 1049 1787 1080 formas
1806 1062 1824 1081 a
1845 1059 1955 1082 natura

1112 1090 1142 1120 in
1159 1090 1317 1121 materiam
1332 1091 1477 1122 continue
1487 1092 1586 1133 jactas
1602 1092 1690 1134 quasi
1708 1104 1763 1135 per
1779 1104 1887 1124 nervos
1910 1106 1955 1125 as-

1112 1133 1199 1164 sidue
1224 1133 1397 1176 colligatur.
1459 1136 1533 1177 Ipsa
1562 1147 1634 1165 vero
1663 1136 1794 1166 formam
1825 1137 1953 1168 sustinet

1113 1177 1205 1207 modo
1227 1177 1386 1219 profundi.
1432 1179 1536 1219 Atque
1558 1178 1633 1208 dum
1656 1178 1738 1209 cadit
1760 1179 1800 1210 ab
1822 1188 1902 1219 ente,
1922 1181 1952 1212 id

1113 1228 1168 1257 est,
1184 1231 1202 1250 a
1217 1228 1339 1257 natura,
1353 1231 1424 1262 quae
1440 1232 1581 1251 verorum
1598 1221 1716 1252 entium
1733 1222 1872 1253 infimum
1889 1232 1951 1254 est:

1112 1263 1227 1294 interea
1241 1263 1345 1294 subest
1362 1270 1396 1294 ut
1411 1263 1648 1294 fundamentum
1665 1264 1849 1307 imaginibus
1864 1267 1952 1304 entis,

1112 1306 1217 1336 formis
1232 1306 1344 1337 scilicet
1359 1306 1561 1337 naturalibus.
1609 1308 1708 1344 Quam
1725 1308 1765 1339 ob
1782 1320 1845 1339 rem
1861 1310 1952 1341 etiam

1112 1349 1135 1379 si
1158 1349 1243 1392 apud
1266 1349 1415 1390 quosdam
1440 1350 1567 1380 materia
1590 1350 1711 1381 dicatur
1730 1351 1842 1382 habere
1864 1353 1952 1394 quasi

1111 1403 1175 1422 esse
1197 1393 1228 1422 in
1252 1403 1282 1422 se
1305 1404 1369 1422 suae
1384 1393 1522 1423 essentiae
1537 1393 1709 1435 proprium,
1725 1394 1810 1436 quod
1826 1396 1952 1437 quidem

1108 1435 1141 1467 ,in
1157 1447 1193 1466 ea
1208 1435 1367 1466 antecedat
1387 1447 1450 1466 esse
1466 1436 1593 1466 formale
1615 1444 1709 1478 atque
1731 1438 1879 1469 existere:
1905 1446 1950 1470 ta-

1110 1489 1179 1508 men
1195 1479 1329 1520 primum
1345 1490 1471 1520 quoque
1485 1491 1549 1510 esse
1565 1479 1607 1509 illi
1622 1480 1774 1511 tributum
1790 1493 1949 1513 conserva-

1110 1529 1161 1551 tur
1177 1521 1234 1564 ipsi
1250 1521 1289 1552 ab
1305 1521 1370 1563 ipsa
1385 1530 1496 1552 natura
1516 1522 1618 1558 semel,
1637 1523 1714 1554 sicut
1729 1535 1747 1554 a
1762 1524 1868 1555 formis
1883 1537 1948 1556 cor-

1109 1576 1220 1606 porum
1246 1572 1444 1596 conservatur
1467 1577 1531 1596 esse
1557 1566 1726 1597 secundum
1753 1575 1847 1609 atque
1873 1568 1949 1599 exis-

1108 1615 1190 1638 tere:
1215 1607 1269 1638 sed
1292 1608 1423 1639 vicissim
1445 1609 1485 1639 ab
1507 1608 1565 1639 alia
1588 1609 1730 1652 deinceps
1752 1617 1846 1652 atque
1869 1611 1946 1642 alia:

1107 1651 1194 1692 quasi
1210 1659 1321 1682 natura
1334 1651 1434 1682 varios
1449 1652 1479 1682 in
1496 1652 1585 1682 horas
1605 1652 1737 1694 applicet
1758 1664 1877 1692 nervos,
1894 1666 1949 1697 per

1108 1693 1187 1725 vices
1215 1694 1255 1725 ad
1285 1694 1441 1725 materiam
1473 1695 1529 1726 sibi
1558 1695 1717 1737 cognatius
1745 1696 1945 1729 vinciendam.

1109 1737 1170 1767 Sed
1199 1737 1291 1768 finem
1317 1738 1382 1780 jam
1409 1738 1610 1780 disputationi
1640 1738 1712 1770 huic
1741 1739 1946 1782 imponamus.

1107 1781 1188 1810 Nam
1204 1781 1235 1811 in
1251 1780 1330 1811 libro
1345 1781 1447 1820 etiam,
1464 1781 1516 1812 ubi
1534 1781 1675 1812 Plotinus
1695 1782 1833 1824 disputat
1847 1783 1945 1815 incor-

1106 1835 1199 1865 porea
1213 1823 1288 1854 nihil
1306 1824 1381 1867 pati,
1397 1832 1427 1855 et
1443 1824 1514 1856 alibi
1530 1824 1627 1855 multa
1642 1824 1681 1855 de
1697 1826 1823 1857 materia
1837 1832 1946 1858 tracta-

1104 1866 1232 1898 buntur.

1084 2746 1151 2771 ΟΟ
