2201 2990
776 140 980 181 LIBER
1020 139 1325 184 QUINTUS.
1835 158 1914 196 315

94 231 271 315 Ῑ75μει
297 258 384 344 γὰρ
421 260 548 312 ζῶον,
579 254 687 300 ὅταν
713 253 869 338 μήτι-ω,
894 252 1042 312 μέλλῃ
1080 251 1142 297 δέ.
1185 273 1258 297 και
1297 271 1491 307 μουσικη
1527 250 1708 308 δυνάμει
1745 275 1817 300 και
1855 256 1912 302 τὰ

159 325 317 373 Αᾶλλα
343 326 429 372 ὅσα
453 326 645 385 γίνεται,
683 323 764 367 οὐκ
796 323 865 367 αἐι
899 321 1030 366 οῧσα.
1100 318 1253 366 ἸΩσ-τε
1286 341 1360 366 και
1400 322 1448 365 ἐν
1488 325 1659 375 νοητοῖς
1695 319 1744 366 τὸ
1784 323 1910 370 δυνά,-

195 417 288 453 μει,
324 416 351 450 η
388 395 437 439 οὑ
475 389 656 448 δυνάμει
693 394 853 436 ταῦτα.
916 388 1062 435 Ἀλλὰ
1105 389 1290 446 δύναμις
1325 391 1353 445 ἦ
1390 388 1518 450 ψυχη
1555 389 1740 435 τούτων·
1781 389 1830 436 τὸ
1867 393 1913 438 δὲ

199 464 417 526 ενεργεία,
460 464 554 510 πῶς
584 463 704 506 ἐκεῖ·
693 497 705 516 ,
745 457 832 520 ἆρα
868 461 925 508 ὡς
962 461 984 503 ὁ
1016 457 1195 520 ἀνδριὰς
1227 456 1277 504 τὸ
1311 457 1651 520 συναμφότερον
1688 461 1909 524 ἐνεργείᾳ,

198 533 264 579 ὅτι
289 529 338 577 τὸ
376 531 488 580 εἶδος
521 528 714 576 ἕκαστον
756 530 1028 587 ἀπείληφεν,
1058 525 1085 584 ὴ
1120 527 1186 574 ὅτι
1220 528 1379 577 εἶδος
1365 526 1559 573 ἕκαστον
1588 549 1662 573 και
1695 527 1907 574 τέλειον’
1892 530 1942 582 ό5

320 603 488 657 ;Νοῦς
524 598 611 660 γὰρ
645 599 724 644 οὐκ
760 600 809 643 ἐκ
845 595 1090 654 δυνάμεως,
1121 601 1200 653 τῆς
1236 597 1354 643 κατὰ
1387 594 1437 643 τὸ
1471 595 1562 642 οἷόν
1599 618 1648 643 τε
1682 602 1816 654 νοεῖν,
1855 600 1914 648 εὶς

198 605 296 648 ἐστι

197 670 423 732 ἐνέργειαν
455 672 532 714 τοῦ
567 672 697 714 νοεῖν·
738 663 877 712 ἄλλου
911 665 999 728 γὰρ
1037 664 1093 713 ἂν
1130 666 1345 728 προτέρου
1383 670 1462 712 τοῦ
1496 667 1575 712 οὐκ
1607 669 1658 712 ἐκ
1690 665 1915 724 δυνάμεως

161 739 357 795 Βδέοιτο,
382 740 477 784 ἀλλ’
507 739 555 783 ἐν
581 738 700 800 αὐτῷ
720 757 769 782 το
788 740 896 782 πᾶν.
949 735 1013 781 To
1039 757 1126 798 γαρ
1147 733 1329 793 δυνάμει
1356 741 1572 789 βουλεται
1600 735 1750 797 ἑτερου
1782 739 1913 783 ἐπελ-

199 807 349 857 θόντος
386 809 446 856 εἰς
480 805 708 868 ἐνέργειαν
745 802 959 867 αγεσθαι,
989 803 1063 851 ἵνα
1101 807 1301 869 ἐνεργεία
1336 807 1554 867 γίγνηταί
1583 821 1641 850 τι·
1683 804 1704 851 ὃ
1734 808 1767 851 δ’
1806 805 1915 852 αὐτὸ

196 879 297 939 παρ’
335 878 470 922 αὑτοῦ
491 873 540 921 το
578 877 647 921 ἀει
678 872 814 924 οὕτως
852 873 965 936 ἔχει,
1000 896 1131 921 τουτο
1170 874 1371 937 ἐνεργεια
1405 872 1460 920 ἂν
1494 875 1576 931 εἴη.
1641 872 1805 920 Πάντα
1838 875 1967 922 οῧνιο

197 945 254 992 τὰ
278 948 452 1007 πρῶτα,
484 944 701 1006 ἐνεργεια·
732 942 826 1006 ἔχει
851 965 939 1006 γαρ
976 947 997 989 ὁ
1024 947 1127 990 δει
1114 942 1255 1005 ἔχειν,
1286 966 1359 990 και
1392 946 1495 1005 παρ’
1526 946 1692 1001 αὑτῶν,
1723 946 1796 990 καὶ
1825 946 1910 991 ἀεί.

198 1017 285 1061 Καὶ
310 1014 437 1076 ψυχὴ
463 1013 515 1070 δη
542 1012 697 1071 οὕτως,
725 1016 752 1070 ἡ
774 1013 839 1071 μη
867 1015 914 1060 ἐν
938 1011 1041 1074 ὕλῃ,
1083 1016 1180 1059 ἀλλ’
1211 1015 1259 1059 ἐν
1284 1015 1345 1077 τῷ
1380 1015 1536 1077 νοητῷ·
1576 1015 1650 1059 καὶ
1683 1035 1710 1069 η
1750 1015 1798 1059 ἐν
1830 1012 1914 1075 ὕλη

707 1083 798 1129 οἷον
829 1085 856 1139 ἦ
891 1083 1070 1142 φυτική·
1119 1082 1318 1144 ἐνέργεια
1348 1082 1436 1144 γὰρ
1470 1085 1543 1128 καὶ
1582 1081 1695 1138 αὕτη
1723 1082 1748 1128 ὅ
1771 1084 1913 1130 ἐστιν·

199 1156 295 1200 ἀλλ’
325 1155 525 1216 ἐνεργείᾳ
562 1152 649 1209 μὲν
679 1150 852 1209 πάντα,
895 1154 968 1198 καὶ
1001 1149 1157 1209 οὕτως,
1188 1152 1389 1214 ἐνέργεια
1415 1151 1461 1198 δὲ
1493 1149 1676 1207 naim-cm
1726 1149 1743 1167 ‚x

161 1084 263 1141 Οδὲ,
294 1081 409 1139 ἄλλη
446 1082 665 1145 ἐνέργεια,

1722 1174 1749 1208 η
1786 1156 1913 1209 πῶυ

200 1225 236 1268 εὶ
270 1221 322 1277 δὴ
359 1225 505 1271 καλῶς
539 1223 708 1283 εἴρηται
734 1224 879 1277 ἐκείνη
916 1243 943 1277 η
984 1221 1123 1280 φύσις
1161 1218 1385 1283 ἄγρυπνος
1423 1222 1554 1278 εἶναι,
1585 1224 1660 1266 καὶ
1699 1221 1805 1279 ζωὴ,
1842 1225 1916 1269 καὶ
1931 1243 1966 1275 15

235 1383 253 1398 ι.
270 1375 345 1405 μέλλῃ
358 1373 391 1404 δέ]
410 1375 483 1397 (lodd.
503 1374 568 1397 Leid.
589 1374 665 1397 Marc.
683 1374 746 1397 A.B.
780 1374 856 1396 Ἀλλὰ
877 1373 961 1403 δύναμις
985 1374 997 1397 ἦ
1015 1374 1084 1404 ψυχὴ
1103 1374 1192 1402 τούτων,

200 1408 267 1431 luon.
286 1408 347 1430 A.C.
366 1407 432 1430 Med.
451 1407 514 1429 A.B.
534 1406 610 1437 μέλλῃ
631 1406 658 1429 δὲ.
682 1407 746 1429 Edit.
783 1407 866 1429 ταῦτα.

198 1439 315 1468 μίλλειδέ.
346 1440 375 1462 Ιιι
388 1440 431 1462 hac
443 1440 559 1462 bonorum
568 1439 682 1462 librorum
694 1447 748 1462 wn-
813 1446 835 1467 4.
854 1439 880 1463 ὡς
899 1439 920 1469 ἆ]
940 1439 997 1462 Cod.
1022 1438 1077 1462 Vat.
1099 1439 1188 1462 omittit
1205 1439 1214 1461 ὖ
1233 1439 1258 1462 ιιι
1278 1447 1333 1462 con-

198 1473 286 1496 stantia
308 1472 349 1495 illu
351 1473 365 1495 d
386 1472 468 1502 recepi,
487 1472 541 1495 licet
563 1472 634 1495 sciam
655 1472 692 1502 (co
679 1477 748 1494 ontra
781 1476 865 1497 textu:
883 1472 907 1494 ιιι
920 1479 994 1502 marg.
1008 1471 1116 1494 additum
1128 1476 1170 1494 est.

197 1511 268 1536 atque
292 1506 424 1528 Hermann.
446 1505 475 1527 ad
500 1504 580 1535 Viger.
605 1512 626 1534 p.
647 1510 700 1534 792.
724 1509 747 1527 et
813 1510 835 1533 5.
854 1503 904 1528 ιῖδας
920 1503 1020 1533 ἕκαστον]
1041 1505 1117 1527 Abest
1135 1503 1226 1526 ἕκαστον

198 1538 287 1561 Matth.
305 1538 347 1560 (“ι·.
361 1538 402 1560 Gr
423 1538 442 1563 §.
456 1543 510 1566 521.
525 1541 606 1560 annot.
626 1536 747 1567 statuunt)
781 1537 830 1559 Ciz.
843 1541 867 1559 et
879 1544 935 1559 mox
947 1536 1074 1559 relativum
1088 1536 1106 1559 ὅ,

198 1570 249 1592 ὅταν
272 1578 326 1593 cum
350 1570 462 1593 Indicati
452 1577 482 1592 vo
508 1577 556 1592 non
580 1578 608 1592 us
610 1577 747 1624 quequaquie
813 1568 834 1591 6.
854 1569 904 1593 Νοῦς
929 1569 986 1600 γὰρ]
1006 1569 1063 1592 Cod.
1086 1569 1142 1592 Vat.
1167 1569 1209 1591 νοῦν

198 1603 308 1626 solet-cum
325 1610 382 1631 esse,
396 1610 438 1625 nec
455 1602 596 1626 inusitatum
614 1610 643 1632 ρο
630 1602 727 1624 osterior
779 1609 854 1631 marg.
869 1601 917 1625 ναῦς.

197 1635 272 1658 aetatis
292 1643 328 1658 scr
316 1635 450 1665 riptoribus.
477 1636 513 1659 Cf.
531 1634 636 1657 Voemel.
653 1635 682 1657 ad
704 1610 747 1656 Ni·
881 1633 891 1638 '⁴
918 1633 922 1640 '

1367 1374 1428 1397 idem
1438 1381 1493 1397 mox
1502 1375 1555 1405 παρ’
1564 1383 1592 1396 αν
1585 1373 1642 1396 τῶν.
1653 1373 1732 1404 itaque
1741 1374 1839 1398 correxi.
1852 1375 1916 1398 Edit.

1366 1416 1437 1428 all‘rhav

1402 1439 1468 1462 1251
1489 1438 1507 1461 ἐν
1528 1438 1581 1469 ”λη]
1603 1439 1679 1462 Abest
1699 1439 1718 1460 ἐν
1737 1447 1751 1461 a
1773 1439 1847 1462 Codd.
1868 1439 1916 1462 Ciz.

1367 1471 1434 1494 Leid.
1448 1471 1499 1494 Ma1
1494 1479 1524 1494 rc.
1538 1472 1569 1494 A.
1590 1471 1658 1494 Mon.
1672 1472 1699 1494 C.
1713 1472 1769 1494 Vat.
1803 1471 1848 1494 Sed
1861 1472 1916 1495 Vat.

1366 1504 1437 1527 habet
1450 1505 1468 1526 ἐν
1480 1504 1505 1526 ιιι
1517 1512 1592 1534 marg.

1402 1536 1462 1566 ¹3-⁷‘⁵
1479 1536 1572 1566 φυτικὴ]
1592 1536 1653 1559 Cum
1672 1544 1747 1565 marg.
1768 1536 1811 1559 Ed.
1830 1536 1919 1559 hahent

1367 1570 1447 1599 φυτικῇ
1459 1569 1532 1591 Codd.
1554 1569 1602 1592 Ciz.
1624 1569 1700 1591 Marc.
1722 1569 1781 1592 B.C.
1800 1569 1868 1591 Mon.
1886 1570 1917 1592 Α.

1368 1601 1434 1624 Med.
1458 1602 1522 1624 A.B.
1541 1601 1597 1624 Vat.
1615 1606 1639 1624 et
1658 1601 1731 1624 Fiein.
1749 1609 1806 1631 quos
1826 1609 1917 1631 sequor.

1368 1634 1432 1656 Edit.
1452 1634 1463 1657 ἡ

1210 1374 1232 1396 οὗ
1249 1372 1333 1402 δϋνᾶμὶὀ

1244 1512 1258 1527 a
1275 1504 1332 1527 eod.

1229 1569 1274 1600 ’γάρ
1283 1577 1290 1596 ς
1308 1569 1332 1591 ιιι

814 1639 834 1663 7.
854 1643 891 1655 ‘rav
915 1643 939 1655 υκ
953 1633 989 1663 ὲκ]
1008 1634 1084 1657 Abest
1094 1634 1131 1656 οὐκ
1144 1642 1158 1657 a
1171 1634 1227 1657 Cod.
1242 1634 1290 1656 Ciz.
1485 1634 1570 1662 Φυσική.
1592 1634 1628 1657 Cf.
1645 1642 1717 1664 supra
1734 1642 1756 1664 p.
1766 1633 1805 1664 36.
1818 1634 1849 1656 A.
1863 1634 1917 1665 ibiq.

197 1668 253 1691 colai
273 1668 424 1691 Methouens.
437 1668 553 1691 Anecdot.
570 1671 630 1697 part.
644 1667 679 1689 11.
693 1674 745 1696 pag.
812 1666 834 1688 8.
854 1666 989 1696 ἐπελθόντος]
1004 1667 1050 1695 Ita,
1061 1666 1250 1697 ριπυάστελθόντας,
1261 1674 1332 1689 sensu
1365 1667 1458 1689 Annot.

199 1708 236 1724 20.
256 1700 363 1723 Francof.
387 1701 415 1723 ad
437 1701 512 1723 Moen.
536 1700 604 1722 1826.
634 1699 671 1722 Cf.
690 1699 746 1722 item
779 1698 901 1729 flagitante
918 1699 1068 1722 scribendum
1085 1699 1146 1726 fuit;
1164 1699 1244 1729 itaque
1266 1699 1332 1722 exhi·
1400 1706 1436 1727 ¹4·
1455 1699 1546 1730 ὲιεργείᾳ
1558 1698 1605 1728 μὲν]
1627 1699 1701 1722 Codd.
1715 1699 1791 1722 Marc.
1805 1699 1868 1722 A.B.
1881 1698 1918 1730 (in

199 1734 253 1756 infr.
268 1733 316 1756 III.
330 1733 352 1756 6.
365 1739 388 1761 4.
400 1737 424 1755 et
437 1739 458 1762 5.
472 1733 522 1756 ΙΙΙ.
535 1738 556 1762 7,
569 1739 604 1755 12.
618 1732 663 1755 VI.
677 1737 697 1761 7.
711 1732 747 1754 18.
781 1731 838 1754 bent
853 1732 925 1754 Codd.
940 1731 1006 1755 Leid.
1020 1732 1096 1755 Marc.
1109 1732 1203 1754 A.B.C.
1222 1731 1288 1755 Med.
1301 1732 1333 1754 A.
1367 1739 1442 1771 ruarg.
1456 1736 1483 1754 ut
1496 1732 1553 1762 Ed.)
1565 1736 1588 1754 et
1602 1732 1669 1754 Mon.
1681 1732 1707 1754 C.
1721 1732 1810 1755 habent
1826 1732 1916 1763 ἐνέργεια

232 1773 252 1788 z.
270 1764 347 1787 “ssffoes
372 1765 454 1788 καὶ-ἡ
479 1766 547 1794 ψυχὴ
571 1764 660 1794 τούτων]
699 1765 748 1787 NOS
782 1764 811 1786 Β.
824 1763 880 1786 Vat.

199 1798 328 1821 versionem
339 1798 368 1820 ad
382 1798 498 1821 Editionis
509 1802 602 1821 textum
619 1804 748 1820 accommo-
813 1803 836 1825 9.
855 1796 921 1826 aba-cl]
945 1797 1050 1826 Excepto
1070 1796 1127 1819 Cod.
1154 1796 1231 1820 Marc.
1250 1797 1277 1820 C.
1296 1796 1333 1827 (in

199 1831 314 1853 flavimus
349 1831 398 1853 Nec
413 1831 500 1854 codices
517 1830 590 1853 nostri
606 1830 635 1852 ab
646 1837 674 1853 eo
686 1837 747 1852 rece·
780 1836 826 1859 quo
837 1828 903 1852 estbi
922 1837 964 1859 pro
980 1804 1024 1859 δῬ)
1024 1837 1105 1852 omnes
1123 1837 1178 1852 cum
1194 1837 1269 1860 marg.
1286 1830 1331 1852 Ed.

199 1863 267 1886 dunt.
300 1863 396 1886 Ficiuus
410 1871 466 1886 vero
487 1864 521 1886 ita
537 1862 620 1893 legisse
636 1862 747 1885 videtur:
779 1861 868 1884 habent
880 1861 941 1884 αὖα-6.
961 1861 1047 1884 Edit.o
1041 1860 1072 1884 ’δ’
1085 1871 1112 1884 oeu
1125 1861 1157 1884 τό.

196 1894 273 1917 'ssave
296 1904 324 1917 κα
356 1895 374 1916 ἐν
397 1904 444 1919 νοη
446 1896 473 1919 οἷς
497 1896 521 1917 ‘rb
549 1894 635 1923 humpen
664 1892 988 1924 ταῦτα.11.δεῖἴειχιν]
1007 1894 1065 1917 Cod.
1083 1894 1159 1918 Marc.
1172 1894 1204 1917 A.
1223 1893 1276 1918 δηὲ
1267 1903 1315 1924 εεχι

1387 1773 1412 1786 ἐν.

1367 1774 1384 1793 μ
1398 1797 1429 1819 ib.
1448 1795 1539 1828 ἐνέργεια
1557 1795 1589 1826 δὲ]
1610 1796 1639 1819 Ιιι
1656 1804 1732 1826 marg.
1742 1796 1831 1819 habent
1843 1796 1916 1819 Codd.

1367 1829 1444 1852 Marc.
1454 1829 1482 1851 B.
1496 1829 1551 1852 Vat.
1566 1829 1642 1859 ἐνεργεῖ
1651 1828 1681 1856 δέ,
1695 1835 1722 1852 ut
1733 1837 1808 1859 marg.
1823 1829 1868 1851 Ed.

1404 1867 1438 1890 15.
1452 1860 1510 1890 εἶναι,
1521 1862 1558 1883 καὶ
1570 1861 1625 1891 ζωὴ]
1636 1862 1733 1885 Absunt
1745 1862 1817 1885 verba
1828 1862 1867 1883 καὶ
1876 1861 1918 1891 ζωὴ

1367 1902 1381 1917 a
1393 1894 1466 1917 Codd.
1481 1894 1529 1917 Ciz.

202 2012 244 2042 tia
259 2011 373 2043 musica
388 2019 443 2051 est,
458 2019 489 2043 et
504 2011 563 2042 alia
578 2012 713 2043 similiter
725 2018 925 2055 quotcunque
941 2012 1033 2043 effici-

203 2062 254 2084 tur
278 2054 453 2096 aliquando,
476 2066 575 2096 neque
597 2063 641 2086 est
660 2066 795 2103 sempei.
841 2056 1036 2097 Quapropter

203 2097 233 2127 in
249 2108 359 2139 genere
374 2097 555 2139 intelligibssi
570 2098 611 2128 sic
626 2098 693 2137 erit,
708 2097 878 2146 quodque
872 2110 903 2129 ιιι
924 2106 1034 2140 poten-

204 2140 245 2170 tia
249 2123 319 2170 δάιοι
335 2139 409 2170 solet
429 2142 459 2179 (v
462 2140 488 2170 el
504 2141 588 2188 quod
602 2152 662 2171 non
676 2141 705 2171 in
722 2141 883 2183 potentia).
919 2142 944 2171 V
947 2153 1034 2172 erum

203 2183 304 2213 anima
324 2183 395 2223 [non
411 2190 455 2213 est
472 2183 556 2214 haec
550 2195 580 2213 ιιι
596 2184 742 2224 potentia,
754 2195 815 2214 ιιιιο
830 2195 902 2215 vero
917 2184 1030 2225 anima]

204 2226 260 2255 hm
264 2237 314 2256 um
331 2232 376 2256 est
420 2232 540 2256 otestas.
585 2226 677 2264 Quod
699 2234 800 2257 autem
827 2227 857 2257 in
878 2235 948 2257 actu
971 2239 1002 2258 es
1004 2239 1035 2258 se

206 2268 352 2298 nominari
366 2237 451 2306 solet,
466 2279 597 2310 quanam
610 2269 724 2300 ratione
739 2269 821 2311 apud
833 2281 958 2312 superos
971 2282 1035 2301 esse

204 2313 326 2353 potest?
351 2311 526 2359 Numquid,
549 2311 627 2342 sicut
655 2318 755 2342 statua
777 2311 862 2342 velut
888 2313 1036 2355 composi-

205 2362 270 2385 tum
286 2361 332 2384 est
353 2353 383 2384 in
405 2361 486 2391 actu,
503 2353 544 2384 sic
564 2361 595 2384 et
614 2354 665 2391 ibi,
680 2354 824 2402 quoniam
846 2354 1036 2402 intelligibile

203 2396 364 2439 quodlibet
380 2407 465 2427 suam
482 2396 615 2438 possidet
630 2408 770 2438 spemem,
782 2396 828 2427 vel
844 2397 946 2438 potius
960 2410 1036 2440 quo-

204 2451 284 2471 mam
312 2439 472 2481 quodlibet
493 2450 607 2481 species
630 2446 685 2477 est,
704 2447 797 2481 atque
820 2439 930 2481 ipsum,
952 2441 1036 2482 quod

203 2491 259 2519 est
275 2494 388 2525 species
403 2489 448 2512 est
462 2482 618 2524 perfecta?
636 2482 814 2512 Intellectus
829 2493 909 2512 enim
925 2494 1038 2530 nequa-

203 2537 296 2568 quam
317 2537 354 2556 cx
377 2525 524 2573 potentia?
540 2536 610 2566 quae
632 2524 800 2566 intelligere
822 2525 915 2567 possit
937 2537 967 2556 ιιι
989 2538 1036 2557 ac-

205 2577 270 2600 tum
297 2568 401 2611 prodit
426 2567 633 2609 intelligendi:
659 2567 793 2609 alioquin
817 2567 876 2597 alio
902 2568 1035 2610 quodam

204 2612 304 2654 priore
330 2623 408 2654 opus
432 2611 503 2641 huic
526 2617 614 2648 esset,
637 2609 722 2652 quod
748 2621 786 2640 ex
810 2611 946 2652 potentia
975 2623 1035 2643 non

1080 2019 1263 2060 prorumpat
1278 2011 1309 2042 in
1324 2019 1438 2060 actum,
1454 2011 1507 2042 scd
1524 2018 1623 2043 totum
1634 2012 1700 2054 jam
1718 2011 1892 2060 possideat
1886 2024 1916 2042 ιιι

1080 2067 1111 2086 se
1126 2067 1203 2097 ipso.
1249 2055 1341 2092 Quod
1356 2054 1437 2085 enim
1453 2055 1483 2085 in
1500 2054 1637 2097 potentia
1655 2062 1710 2092 est,
1726 2054 1821 2097 exigit
1841 2055 1916 2086 alte-

1080 2109 1160 2136 rum,
1184 2110 1247 2140 quo
1276 2098 1439 2129 accedente
1464 2097 1652 2140 perducatur
1677 2097 1715 2128 ad
1745 2105 1859 2135 actum,
1884 2106 1918 2128 ut

1079 2141 1195 2183 aliquid
1211 2141 1334 2172 tandem
1349 2141 1423 2172 fiat
1417 2152 1448 2171 ιιι
1463 2148 1546 2172 actu.
1591 2140 1682 2178 Quod
1697 2148 1800 2172 autem
1816 2141 1917 2183 ipsum

1078 2196 1096 2214 a
1111 2196 1142 2214 se
1157 2195 1223 2226 ipso
1239 2196 1358 2226 semper
1373 2184 1416 2214 ita
1431 2196 1462 2214 se
1476 2184 1579 2221 habet,
1596 2191 1641 2215 est
1663 2190 1757 2215 actus.
1805 2185 1917 2226 Itaque

1078 2239 1180 2257 omma
1197 2239 1295 2269 prima
1316 2235 1402 2258 actus
1422 2227 1577 2258 existunt:
1603 2227 1717 2258 habent
1732 2238 1812 2257 enim
1833 2239 1918 2275 quic.-

1078 2270 1154 2312 quid
1167 2278 1289 2312 oportet
1304 2270 1427 2308 habem,
1439 2279 1533 2312 atque
1545 2270 1575 2300 id
1588 2270 1714 2318 quidem
1728 2277 1758 2300 et
1773 2282 1791 2300 a
1803 2282 1834 2300 se
1845 2282 1917 2312 lpS1s

1077 2321 1108 2344 et
1123 2325 1251 2355 semper.
1286 2314 1308 2344 J
1311 2325 1359 2344 ‘un
1370 2325 1443 2344 vero
1457 2321 1487 2344 et
1502 2313 1604 2344 anima
1619 2313 1662 2344 ita
1676 2325 1707 2344 se
1723 2313 1826 2350 habet,
1841 2324 1917 2355 prae-

1078 2356 1168 2398 cipue
1184 2368 1255 2398 quae
1270 2368 1331 2387 non
1352 2357 1382 2387 in
1405 2356 1533 2387 materia
1548 2363 1603 2394 est,
1620 2356 1694 2386 sed
1688 2367 1718 2386 ιιι
1734 2336 1916 2398 intelligibili

1078 2399 1205 2430 mundo
1251 2400 1353 2441 Atqui
1367 2407 1397 2430 et
1412 2411 1483 2447 quae
1498 2399 1529 2430 in
1545 2399 1672 2430 materia
1690 2406 1746 2436 est,
1763 2405 1850 2430 actus
1872 2406 1916 2430 est

1079 2442 1168 2480 alius,
1184 2442 1297 2473 scilicet
1320 2442 1482 2484 vegetalis:
1507 2450 1594 2473 actus
1615 2442 1694 2473 enim
1719 2450 1750 2473 et
1771 2442 1837 2484 ipsa
1859 2441 1915 2472 lioc

1079 2484 1192 2527 ipsum,
1202 2485 1286 2527 quod
1299 2486 1410 2517 existit.
1446 2485 1506 2516 Sed
1519 2485 1597 2516 enim
1610 2485 1640 2516 ιιι
1650 2491 1720 2516 actu
1733 2484 1793 2515 sint
1804 2484 1914 2520 omnia,

1079 2535 1173 2569 atque
1187 2528 1240 2565 ita,
1258 2528 1411 2570 numquid
1426 2528 1516 2560 etiam
1535 2536 1621 2559 actus
1644 2535 1715 2559 sunt
1738 2527 1862 2558 omnia?
1885 2534 1914 2556 et

1079 2581 1141 2612 qua
1155 2571 1290 2602 ratione
1286 2574 1297 2594 Ρ
1322 2573 1443 2614 Nempe
1458 2571 1481 2602 si
1498 2578 1578 2602 recte
1595 2571 1711 2602 dictum
1732 2578 1788 2607 est,
1803 2568 1913 2600 intelli-

1078 2613 1203 2655 gibilem
1226 2622 1368 2645 naturam
1391 2626 1454 2646 esse
1474 2614 1653 2656 pervigilem
1668 2620 1699 2644 et
1716 2613 1821 2649 vitam,
1837 2611 1915 2653 opti-

1133 2661 1233 2696 552
