2201 2990
592 113 747 144 VITAM
772 113 999 143 AUCTORE
1025 114 1315 145 PORPHYRIO.
1346 127 1374 157 p.
1393 116 1454 147 lxx.
1472 117 1545 148 lxxi.

1854 122 1944 153 cxxiii

195 203 225 233 in
244 201 427 242 Catalogum
446 198 674 230 Platonicorum
692 197 759 228 Vol.
776 198 846 228 III.
863 209 894 239 p.
912 207 979 236 172.
997 198 1037 229 cf.
1056 200 1082 227 A
1100 203 1166 237 λην.
1212 202 1321 241 Atque
1337 200 1417 231 idem
1439 202 1551 243 saepius
1570 202 1627 232 hoc
1648 216 1735 235 sensu
1754 216 1892 250 usurpat,
1912 216 1944 239 ut

200 262 267 293 170.
278 264 343 294 sqq.
361 250 432 282 edit.
446 250 568 280 Harles.
582 248 782 279 Bibliothecae
796 249 850 279 Gr.
867 261 883 278 a
897 249 1039 280 Fabricio

195 303 334 334 conditae.
366 300 574 332 Ruhnkenius
590 300 628 330 de
641 300 786 341 Longino
803 301 832 340 ξ.
847 301 904 331 IV.
923 312 952 342 p.
964 311 1036 341 492.

194 366 239 396 sq.
257 354 306 384 ed.
318 354 462 394 Bergtn.:
489 355 509 369 ‘⁶
522 352 661 388 Quorum
679 351 829 389 omnium,
846 351 900 389 ait,
919 351 942 382 si
959 354 1038 382 Am-

193 405 328 436 monium
346 404 481 439 Saccam‚
498 403 676 444 Origene1n‚
703 402 860 432 Plotinum
884 410 915 433 ct
939 404 1035 433 Ame-

192 456 266 486 lium
281 454 427 497 excipias,
443 454 495 484 vix
512 453 612 484 tenuis
627 453 734 484 notitia
750 453 788 484 ad
811 465 866 484 nos
886 454 1036 496 pervenit,

191 513 352 548 propterea
367 504 451 547 quod
466 504 516 535 alii
532 504 607 535 nihil
626 504 718 535 literis
733 505 949 547 prodiderunt,
964 507 1036 537 alio-

190 568 258 588 rum
276 557 368 587 libros
383 563 518 586 vetustas
533 555 724 598 intercepit.”
762 557 847 587 Tum
865 557 904 588 de
921 559 1035 589 Demo-
1054 561 1077 588 B
1096 557 1168 587 lius.
1195 558 1264 587 Iino
1280 558 1374 599 hujus
1389 559 1573 601 discipulus.

190 608 267 639 crito
282 607 324 638 ita
338 607 458 649 pergit:
484 607 681 638 Democritus
698 608 817 650 scripsit
835 610 1034 641 Commenta-

189 660 268 691 rium
285 659 315 690 in
329 659 466 690 Platonis
479 658 685 697 Alcibiadem,
699 671 791 701 quem
809 659 914 691 laudat
928 661 1036 704 Olym-

188 710 335 754 piodorus
349 710 579 742 Commentario
591 712 627 741 M
633 712 664 742 S.
682 711 712 742 in
726 712 858 743 eundem
876 712 1035 755 dialogum

189 773 220 804 p.
235 771 285 803 29.
300 763 344 793 B:
369 763 401 793 τὸ
426 763 457 794 εῧ
479 762 578 803 λέγεις
601 764 615 794 ὁ
636 765 691 802 μὲν
711 765 890 803 Δημόκριτος
914 766 1036 804 ἐπίκλην

189 813 256 856 χᾟ,
269 815 341 845 διότι
349 815 546 854 μετρούμενον
555 814 587 844 τὸ
598 815 691 853 ὄνομα
702 816 789 845 αὐτοῦ
799 814 858 856 {170.
871 815 901 856 (i.
909 828 934 846 c.
947 818 985 857 65
994 818 1032 856 1.)

188 869 274 902 ποιεῖ,
292 866 329 898 ὡς
344 865 401 896 ἀπὸ
418 865 588 905 Σωκράτους
605 866 763 907 ἐκδέχεται.
782 868 797 897 ὁ
814 869 845 898 δὲ
863 868 1035 907 Δαμάσκιος

1103 249 1168 280 Vol.
1186 251 1234 280 II.
1254 261 1321 292 143.
1349 252 1405 282 IV.
1419 262 1492 292 355.
1533 254 1598 283 Nec
1614 253 1700 285 aliter
1716 256 1772 287 hoc
1789 257 1853 288 loco
1868 260 1944 290 acci-

1098 301 1259 342 piendum.
1298 303 1354 332 Est
1372 302 1451 332 enim
1469 304 1649 344 divulgare,
1667 305 1729 335 sive
1740 309 1862 348 publice
1878 315 1942 340 tra-

1098 352 1179 382 dere.
1238 353 1350 394 Neque
1381 353 1460 384 enim
1493 366 1555 384 rem
1587 356 1741 396 publicam
1774 361 1943 392 tractabant

1098 404 1211 433 Romae
1237 403 1378 435 Plotinus
1400 412 1430 435 et
1455 405 1608 443 Anicium,
1633 407 1684 437 sed
1710 409 1833 450 publice
1853 411 1941 443 doce-

1098 453 1181 485 bant.
1203 455 1257 485 Cr.

1098 505 1242 536 Plotinus
1265 506 1614 549 hujusque,fimtiliaris
1633 510 1833 541 Gentilium&
1854 513 1942 543 Ame-

1306 456 1384 486 Ron
1402 457 1417 486 ὁ
1434 455 1537 487 τούτου
1557 458 1718 497 γνώριμοςῑ
1746 464 1766 477 “
1784 460 1941 500 Reddunt,

1620 561 1773 603 Hesyclr:
1792 564 1940 602 γνώριμοι’

1095 611 1233 647 μαθηταί.
1278 610 1390 640 Suidas
1406 610 1435 640 in
1452 610 1599 649 Ἀμέλιος.
1647 612 1706 643 Sed
1725 613 1754 643 in
1771 613 1818 644 his
1833 615 1944 657 sa>pius

1096 668 1252 702 peccatur.
1298 661 1422 692 Dicitur
1445 671 1546 692 autem
1565 665 1580 693 ὁ
1597 662 1700 694 τούτου
1722 666 1865 704 γνώριμος
1881 673 1911 696 et
1928 668 1943 696 ὁ

1096 710 1187 753 τούτῳ
1211 714 1363 752 γνώριμος.
1410 713 1540 756 Dionys.
1563 714 1636 745 Hal.
1660 715 1698 746 de
1723 717 1838 747 Struct.
1857 718 1942 748 Orat.

1095 774 1122 793 c.
1143 773 1190 803 19.
1230 764 1356 796 Arrian.
1382 765 1517 807 Epictet.
1537 767 1562 796 I.
1588 778 1617 808 p.
1640 768 1708 808 163.
1734 767 1782 798 ed.
1799 769 1942 810 Upton.”

1101 815 1202 857 Toup.
1248 816 1371 847 Laudat
1394 817 1521 860 insuper
1538 817 1697 849 Weiskius
1721 819 1815 861 Diog.
1840 820 1940 850 La'e'rt.

1095 878 1127 908 p.
1143 869 1194 906 48.
1214 867 1251 897 F.
1276 867 1322 898 ed.
1348 869 1479 899 Londin.
1500 870 1591 908 1664.
1616 881 1647 912 p.
1663 880 1716 911 51.
1735 872 1778 901 A.
1818 881 1886 902 122.
1905 873 1942 902 C.

189 919 227 950 ὡς
243 917 299 948 ἀπὸ
314 916 518 956 Ἀλκιβιάδου.
544 918 589 948 καὶ
605 918 727 956 ἄμεινον
742 918 774 948 τὸ
792 920 937 959 δεύτερον.
961 919 1033 950 item
1054 925 1076 953 C
1100 928 1166 959 131.
1186 919 1222 949 B.
1246 926 1276 950 et
1302 920 1387 950 Xen.
1408 921 1506 951 Mem.
1524 921 1550 951 I.
1570 931 1598 951 2.
1614 931 1644 962 3.
1691 922 1741 952 De
1765 922 1943 954 Gentiliano

187 968 450 1000 Commentarium
466 969 496 999 in
515 968 715 1007 Phaedonem,
732 969 785 1011 qui
808 970 847 1000 ab
868 970 973 1001 eodem
993 973 1033 1002 O-

186 1020 380 1063 lympiodoro
396 1020 425 1050 in
442 1020 573 1050 eundem
591 1020 747 1063 dialogum
766 1030 1032 1053 commemoratur.

186 1072 337 1114 Ejusdem
366 1071 535 1102 Democriti
566 1072 750 1103 mentionem
782 1073 855 1103 facit
884 1074 1033 1116 Syr-ianus

187 1123 417 1155 Commentario
438 1135 526 1154 mser.
550 1123 580 1154 in
602 1124 778 1155 Aristotelis
796 1125 1031 1167 Metaphysica:

185 1177 256 1214 μηδὲ
273 1176 469 1215 Πλούταρχον
486 1175 531 1206 καὶ
553 1175 688 1206 Ἀττικὸν
705 1176 751 1206 καὶ
768 1177 951 1216 Δημόκριτον
967 1178 1033 1210 τοὺς

184 1227 392 1259 Πλατωνικοὺς
409 1226 467 1257 κατ’
485 1227 553 1257 αὐτὸ
569 1229 653 1257 τοῦτο
670 1228 843 1265 ernostum&
879 1228 963 1259 Hinc
978 1241 1031 1259 au-

1095 970 1220 1000 Amelio
1236 983 1328 1013 supra
1345 971 1482 1002 diximus
1497 972 1535 1002 ad
1552 984 1577 1002 c.
1590 973 1668 1003 VII.
1702 974 1756 1004 Cr.

1144 1033 1174 1063 p.
1192 1022 1267 1052 lxxi.
1286 1023 1306 1053 f.
1338 1026 1473 1054 Στωϊκῶν
1503 1025 1534 1054 δὲ
1565 1026 1771 1063 Θεμιστοκλῆς
1801 1039 1824 1055 κ.
1845 1039 1870 1056 τ.
1892 1026 1938 1066 λ.]

1096 1073 1180 1104 Hinc
1203 1073 1289 1105 relati
1313 1074 1343 1104 in
1369 1075 1542 1105 Stoicorum
1561 1075 1747 1117 Catalogum
1770 1076 1800 1106 in
1818 1077 1939 1107 Fabric.

1095 1125 1130 1155 B.
1151 1126 1207 1156 Gr.
1228 1126 1296 1156 III.
1314 1138 1342 1168 p.
1355 1128 1427 1167 536.
1446 1138 1512 1168 sqq.
1529 1126 1578 1157 ed.
1594 1127 1717 1158 Harles.
1766 1128 1871 1170 Hujus
1889 1128 1941 1170 ju-

1093 1176 1185 1206 nioris
1197 1177 1411 1208 Themistoclis
1427 1178 1519 1208 Stoici
1537 1178 1720 1209 mentionem
1736 1179 1839 1221 attigit
1852 1181 1941 1222 Wyt-

1094 1228 1237 1259 tcnbach.
1254 1228 1284 1259 in
1303 1230 1422 1259 Annot.
1440 1229 1469 1259 iu
1487 1230 1621 1271 Eunapii
1639 1230 1802 1261 Julianum
1820 1243 1851 1272 p.
1868 1240 1939 1272 259.

183 1278 305 1320 gendus
327 1286 371 1309 est
395 1290 541 1309 numerus
559 1278 762 1320 interpretum
781 1286 918 1310 veterum
939 1280 1029 1310 Phae-
1049 1287 1074 1314 D
1094 1279 1234 1310 Boisson.
1251 1279 1304 1310 ubi
1325 1280 1507 1322 antiquioris
1531 1281 1705 1324 philosophi
1724 1282 1940 1313 Themistoclis

184 1330 283 1369 donis,
307 1342 385 1372 quos
411 1330 670 1373 VVyttenbachius
697 1330 727 1360 in
753 1333 873 1361 Annot.
902 1331 931 1361 in
959 1343 1029 1362 eum

185 1382 355 1424 Dialogum
372 1394 403 1424 p.
420 1393 431 1413 1
442 1393 489 1413 10.
508 1390 677 1413 enumerat.
711 1382 882 1413 Democriti
899 1382 983 1413 locus
999 1382 1029 1413 in

185 1433 379 1464 Alcibiadem
394 1434 527 1476 priorem
541 1445 623 1464 nunc
635 1433 748 1475 legitur
760 1434 790 1464 in
805 1433 1030 1476 Olympiodoro

185 1488 264 1528 Cap.
278 1487 342 1517 XI.
361 1498 389 1528 p.
406 1494 473 1527 105.
487 1486 540 1516 ubi
553 1485 614 1516 vid.
631 1493 734 1516 annot.
754 1492 846 1515 nostr.
858 1495 911 1524 40.
938 1486 992 1516 Cr.

226 1549 256 1580 p.
275 1537 351 1568 lxxi.
366 1544 390 1568 e·
418 1538 449 1568 οἵ
471 1538 580 1568 τε-ἐν
606 1539 640 1575 τῇ
665 1536 760 1575 Ῥώμῃ
788 1537 1026 1580 δημοσιεύοντες]

184 1593 204 1607 “
218 1590 383 1630 Perperam
400 1588 594 1631 interpretes:
612 1589 666 1630 qni
682 1600 765 1618 nmzc
776 1589 883 1619 Romae
898 1589 1026 1631 (legunt.

1374 1332 1453 1362 Mox
1475 1333 1535 1362 οἵτε
1557 1332 1644 1373 μέχρι
1666 1334 1765 1373 πρώην
1789 1338 1809 1352 “
1825 1335 1940 1376 Nuper

1482 1385 1580 1415 Ron:
1613 1384 1806 1425 Ἡλιόδωρος.
1854 1386 1938 1417 Hinc

1090 1443 1232 1475 receptus
1244 1434 1273 1464 in
1287 1434 1471 1477 Catalogum
1485 1436 1759 1478 Peripateticorum
1774 1437 1803 1467 iu
1816 1437 1936 1468 Fabric.

1091 1485 1127 1516 B.
1148 1486 1204 1516 Gr.
1223 1486 1291 1516 Vol.
1307 1487 1373 1517 III.
1392 1498 1507 1528 p.494.
1524 1488 1570 1517 ed.
1584 1487 1704 1518 Harles.
1739 1489 1794 1519 Cr.

1133 1548 1162 1578 p.
1179 1536 1254 1567 lxxi.
1271 1544 1295 1568 g.
1318 1539 1504 1569 Πλατωνικοὶ
1519 1540 1574 1577 μὲν
1589 1539 1767 1580 Ἀμμώνιος]
1788 1543 1809 1557 “
1821 1539 1936 1570 Plotini

1089 1596 1272 1630 praeccptor‚
1286 1601 1303 1619 a
1317 1589 1523 1631 Peripatetico
1535 1590 1703 1620 Ammonio
1718 1590 1771 1630 (de
1786 1603 1849 1632 quo
1865 1603 1936 1622 mox

1092 1341 1140 1360 res
1161 1330 1326 1361 examinat.

1090 1382 1274 1412 adrandum?
1302 1383 1433 1414 Tollius.

185 1640 372 1671 Vertendum
390 1640 508 1681 potius:
534 1641 586 1683 qui
602 1652 687 1671 ‘nunc
702 1641 811 1671 Roma]
832 1641 867 1670 in
892 1641 1027 1682 negotiis
1045 1647 1069 1674 Ε
1089 1648 1120 1671 et
1134 1640 1172 1671 de
1189 1652 1252 1682 quo
1268 1640 1350 1682 apud
1370 1640 1592 1671 Philostratum
1614 1641 1643 1671 iu
1663 1641 1875 1683 Sophistarum
1893 1642 1936 1672 vi-

177 1691 311 1733 publicis
339 1697 518 1729 versantur,
543 1692 606 1723 sive
629 1704 657 1735 q.
681 1704 711 1722 n.
736 1694 778 1723 R.
807 1693 1027 1734 rempublicam

180 1743 415 1774 administrant.
461 1743 533 1774 Vid.
550 1743 661 1774 Valesii
685 1744 714 1774 in
739 1745 871 1774 Annott.
893 1743 922 1774 in
942 1744 1024 1775 Hist.

180 1795 300 1826 Eccles.
319 1795 438 1826 Euseb.
452 1795 511 1826 VI.
525 1805 577 1834 41.
617 1796 667 1826 Ita
683 1797 908 1834 δημοσιεύοντες
924 1797 1025 1835 ἰατροὶ,

180 1846 218 1877 de
234 1847 348 1889 quibus
364 1847 427 1878 dixi
444 1847 482 1877 ad
501 1847 587 1877 Xen.
605 1848 705 1877 RIem.
724 1848 781 1878 IV.
801 1857 829 1877 2.
845 1847 896 1888 5.”
914 1848 1024 1878 Wcislc.

183 1898 234 1928 Cf.
259 1898 388 1929 Heindf.
415 1898 454 1929 ad
478 1898 598 1929 Platon.
622 1899 721 1940 Gorg.
747 1900 775 1939 ξ.
794 1909 843 1939 23.
873 1911 902 1941 p.
918 1909 970 1941 30.
996 1907 1026 1931 et

182 1950 210 1989 ξ.
228 1959 296 1989 149.
314 1962 344 1992 p.
360 1959 429 1991 234.
455 1950 666 1981 Antiatticista
690 1950 720 1980 iu
734 1950 867 1981 Bel<keri
880 1951 1023 1982 Anecdd.

1089 1691 1141 1732 tis)
1159 1691 1332 1722 diversus.'’
1349 1692 1476 1722 Falaris.
1526 1694 1575 1723 De
1594 1705 1630 1723 eo
1647 1693 1795 1724 monitum
1818 1702 1863 1725 est
1883 1706 1934 1725 su-

1088 1755 1144 1785 pra
1167 1743 1205 1773 ad
1229 1755 1294 1786 cap.
1314 1744 1381 1774 III.
1407 1755 1438 1786 p.
1458 1745 1507 1785 96.
1524 1756 1567 1786 sq.

1089 1797 1252 1834 Εὔβουλος.
1296 1796 1334 1826 In
1352 1795 1452 1837 priore
1468 1796 1590 1826 nomine
1607 1797 1725 1827 variant
1742 1797 1810 1827 libri
1828 1798 1932 1828 nostri.

1089 1847 1138 1877 De
1154 1855 1287 1889 utroque
1303 1847 1486 1890 philosopho
1502 1848 1684 1890 paucissima
1707 1848 1802 1879 habes
1824 1848 1854 1879 in
1875 1850 1933 1879 Fa-

1087 1899 1172 1929 bricii
1187 1900 1224 1929 B.
1237 1901 1294 1930 Gr.
1312 1900 1381 1929 III.
1399 1911 1428 1941 p.
1446 1908 1514 1939 172.
1533 1908 1563 1930 et
1583 1910 1652 1939 190.
1667 1899 1811 1930 Harlesii.
1852 1901 1932 1931 Mox

1599 1951 1746 1993 Explicui
1763 1951 1841 1982 hanc
1862 1951 1931 1982 doc-

1614 1746 1694 1775 lion
1716 1747 1865 1778 Θεόδοτος
1888 1747 1934 1777 καὶ

1085 1949 1236 1990 Ὠριγένει
1255 1951 1287 1981 τὸ
1309 1951 1375 1990 περὶ
1397 1950 1553 1989 δαιμόνων.

182 2001 254 2030 Grr.
273 2001 301 2031 I.
317 2013 346 2043 p.
361 2012 418 2042 90:
445 2003 629 2040 δημοσιεύειν
651 2013 708 2044 pro
732 2003 866 2041 δημεύειν
888 2015 926 2033 ex
952 2003 1023 2034 Pla-
1044 2011 1066 2038 F
1086 2002 1209 2040 trinam,
1226 2002 1283 2032 hoc
1300 2002 1390 2032 etiam
1414 2001 1492 2032 libro
1508 2002 1644 2039 laudato,
1662 2002 1691 2032 in
1711 2002 1887 2045 Symbolica
1902 2011 1932 2033 et

181 2058 252 2081 tone
277 2060 307 2082 et
332 2052 520 2095 Thucydide
544 2053 660 2085 laudat.
723 2054 773 2085 Cf.
800 2054 891 2085 etiam
917 2062 1021 2085 annot.

180 2111 274 2133 nostr.
298 2102 327 2133 in
352 2103 529 2146 Olyinpiod.
554 2105 586 2135 in
603 2105 707 2137 Alcib.
724 2118 770 2148 pr.
796 2118 826 2149 p.
848 2117 914 2146 141.
962 2107 1023 2137 Sed

180 2153 341 2196 quaeritur,
358 2166 429 2196 quae
444 2156 529 2187 verbi
545 2157 727 2199 significatio
748 2167 853 2189 nostro
869 2159 935 2189 loco
949 2171 1020 2190 con-

181 2205 291 2237 veniat.
331 2206 461 2237 Minime
477 2215 557 2238 certe
573 2220 618 2246 ea,
631 2221 723 2251 quam
739 2209 858 2241 Weisk.
876 2210 905 2241 in
923 2223 959 2241 eo
973 2211 1022 2241 hic

416 2258 575 2290 Himerius
591 2261 680 2291 Orat.
699 2261 758 2291 IV.
775 2271 804 2302 3.
823 2273 852 2303 p.
866 2263 938 2303 458.
956 2274 1018 2305 sq.:

180 2308 229 2338 ὅδε
253 2308 357 2347 φανεὶς
381 2310 494 2339 κελεύει
515 2311 569 2348 μὲν
596 2311 681 2351 [ἡμᾶς
703 2312 755 2350 τὴν
777 2314 908 2352 πρόσθεν
934 2314 1022 2353 σιγὴν

180 2256 276 2286 inesse
292 2256 368 2287 vult.

180 2358 388 2399 ἁτιμάσαντας]
416 2360 462 2390 καὶ
484 2361 535 2392 τὰς
557 2362 590 2391 ἐν
613 2363 706 2404 σκότῳ
729 2365 830 2404 λόγων
853 2366 1019 2405 καθείρξεις,

179 2411 362 2448 δημοσιεύειν
378 2423 409 2440 τε
426 2410 527 2443 αὐτοὺς
544 2412 589 2442 καὶ
603 2412 747 2453 παράγειν
771 2416 811 2447 εἰς
832 2415 926 2453 μέσον
943 2415 1019 2447 ’Έλ-

306 2461 395 2491 Idem
413 2463 442 2502 ξ
456 2471 483 2501 7.
501 2473 532 2504 p.
542 2463 623 2501 466:
648 2464 721 2501 ἦλθε
741 2466 795 2503 μὲν
813 2467 841 2498 ἐς
861 2466 972 2499 πάντας
987 2468 1019 2498 τὸ

178 2513 247 2544 ἔπος
264 2512 427 2550 ’Έλληνας,
445 2512 628 2552 ἐνεθάρσησέ
644 2527 675 2545 τε
691 2516 706 2544 ὁ
723 2515 885 2555 Σωκράτης,
905 2519 950 2548 καὶ
973 2521 1020 2556 δη-

177 2565 326 2602 μοσιεύειν
353 2565 417 2596 τοὺς
443 2565 551 2604 λόγους
576 2565 692 2605 ἤρχετο.
744 2566 961 2599 Theodoretus
988 2569 1019 2599 in

180 2615 291 2646 l‘saltn.
304 2616 460 2646 LXXII.
477 2627 506 2657 p.
522 2625 612 2655 1114.
627 2615 769 2647 Schulz.:
788 2619 878 2650 οὕτως
893 2620 1020 2652 ἐκείνους

177 2667 335 2700 ἐπαινέσας
350 2670 407 2698 τῶν
423 2668 536 2698 οἰκείων
551 2670 705 2706 λογισμῶν
720 2669 885 2705 ὃημοσιεύει
907 2670 958 2708 τὴν
973 2670 1019 2706 ζά-

178 2465 257 2500 λησν

1086 2053 1222 2095 Μ)’ῑ11()1.
1242 2054 1311 2084 ΙΙΙ.
1335 2066 1366 2096 p.
1385 2063 1434 2093 72.
1452 2066 1519 2096 sqq.
1545 2054 1594 2084 ed.
1612 2054 1697 2084 alter.
1722 2054 1813 2085 etiam
1838 2066 1931 2097 supra

1083 2112 1201 2135 anuott.
1219 2105 1257 2135 ad
1274 2116 1338 2147 cap.
1353 2106 1423 2135 III.
1441 2117 1474 2147 p.
1487 2114 1537 2145 97.
1557 2118 1600 2148 sq.
1633 2107 1686 2137 Cr.

1126 2168 1157 2198 p.
1173 2156 1247 2186 lxxi.
1265 2157 1290 2187 ¹¹.
1312 2157 1457 2198 Εὐβούλῳ
1476 2158 1516 2192 δὲ,
1536 2157 1568 2187 τὸ
1584 2158 1650 2197 περὶ
1666 2160 1718 2188 τοῦ
1732 2158 1868 2197 Φιλήβου
1885 2159 1930 2189 καὶ

1083 2210 1134 2238 τοῦ
1159 2209 1295 2249 Γοργίου]
1324 2209 1421 2238 Hunc
1446 2208 1609 2238 Eubulum
1637 2209 1769 2239 eundem
1797 2221 1866 2240 cum
1894 2222 1930 2240 eo

1082 2267 1172 2301 putat
1189 2259 1321 2297 Tollius,
1338 2260 1427 2302 cujus
1444 2260 1584 2290 Historia
1600 2260 1730 2291 Mithra>
1754 2260 1859 2291 multis
1875 2272 1927 2291 vo>

1081 2311 1250 2342 luminibus
1266 2311 1433 2353 composita
1449 2310 1561 2342 citatur
1578 2311 1754 2353 Porpliyrio
1770 2311 1808 2342 de
1824 2313 1928 2342 Antro

1040 2368 1067 2395 G
1083 2363 1223 2406 Nymph.
1239 2364 1298 2394 VI.
1322 2374 1355 2404 p.
1374 2371 1402 2402 7.
1421 2362 1512 2404 cujus
1535 2370 1658 2393 aetatem
1682 2362 1832 2393 nescimus
1851 2363 1926 2403 (vid.

1083 2415 1188 2445 Goens
1203 2415 1242 2445 ad
1258 2425 1327 2445 eum
1346 2413 1445 2444 locum
1465 2426 1495 2456 p.
1511 2415 1575 2454 91.)
1594 2414 1730 2456 itemque
1745 2414 1784 2445 de
1800 2414 1926 2445 Abstin.

1082 2467 1137 2497 IV.
1155 2478 1186 2508 p.
1203 2476 1276 2507 349.
1301 2465 1354 2496 ubi
1376 2465 1531 2496 Rhoerius
1548 2472 1685 2496 veterum
1710 2465 1926 2496 recentiorum-

1080 2530 1141 2560 que
1153 2518 1337 2559 scriptorum
1354 2517 1535 2548 auctoritate
1549 2528 1606 2559 pro
1619 2518 1792 2555 Σύμβουλος
1808 2516 1924 2546 restitui

1082 2569 1147 2599 vult
1165 2570 1326 2607 Εὔβουλος.
1353 2569 1409 2599 Cr.
1449 2569 1528 2598 Mox
1547 2569 1593 2599 καὶ
1608 2571 1665 2598 τῶν
1680 2567 1925 2607 Ἀριστοτέλει-

1349 2624 1370 2638 “
1383 2621 1492 2650 Verte:
1517 2625 1607 2661 atque
1629 2619 1666 2649 de
1688 2619 1738 2654 iis,
1762 2629 1830 2660 quse
1850 2618 1923 2647 Ari-

1812 2668 1922 2710 Nuper

1079 2620 1303 2659 ἀντειρημένων.

1078 2671 1197 2702 stoteles
1213 2671 1338 2701 Politiae
1354 2671 1497 2701 Platonis
1511 2670 1646 2711 σῷοι-ΗΓ
1667 2670 1765 2710 Toup.

1137 2727 1200 2767 (12
