2201 2990
937 122 1006 155 DE
1035 121 1273 155 PLOTINO.

1859 125 1972 157 xxxiii

303 224 408 257 VIII.
436 223 666 257 Ixmcnms
684 221 954 254 Scmr'rORUM
974 229 1019 253 1N
1038 220 1217 253 DEXIPPI
1239 228 1375 252 LIBRIS
1394 228 1541 253 'munus
1561 229 1617 252 AD
1636 221 1904 256 CATEGouiAs

975 286 1234 310 elTAToRUM.

239 346 440 380 Alexander
458 346 492 378 iu
512 345 717 389 Categorias
736 344 794 377 lib.
817 344 844 377 Ι.
863 354 937 387 cap.
957 346 989 377 2.
1017 344 1266 387 peripateticus
1286 343 1335 376 II.
1357 345 1413 376 12.

237 403 461 437 Andronicus
481 403 510 436 Ι.
529 405 586 439 17.

235 461 414 505 Archytas
433 461 460 494 I.
486 459 539 494 16.
566 459 818 504 pythagoricus
838 459 906 493 ΙΙΙ.
929 462 960 492 1.
990 459 1052 505 [cf.
1070 459 1144 492 Jos.
1164 459 1328 492 Navarro
1349 459 1385 492 in
1405 459 1617 492 Tentamine
1640 460 1683 493 de
1701 458 1862 504 Archyta
1883 462 1971 496 Haf-

286 519 365 552 niae.
386 521 491 552 1820.
519 530 553 562 p.
573 520 632 555 37.
665 515 745 561 Cr.]

237 640 269 658 ex
286 631 398 658 Iriartei
413 630 551 667 Cataiogo
567 630 657 658 Codd.
674 630 784 657 Graecc.
804 630 990 657 Bibliothecae
1012 630 1076 657 Ma-

237 671 362 698 tritensis
378 681 476 698 eorum
493 671 620 707 capitum
637 671 745 698 indices
761 671 919 708 subjiciam„
937 681 999 707 quae
1015 671 1077 698 Plo-

237 712 289 739 tini
308 712 487 738 mentionem
507 712 624 743 habent,
642 718 671 738 ct
685 711 780 738 Iocum
797 712 918 747 Dexippi
938 712 1040 738 addam
1062 721 1077 739 e

236 751 299 779 cod.
316 762 399 779 mser.
416 752 685 779 Florent-Laurent.
709 762 750 778 nr.
767 761 820 787 33:
844 752 957 779 Titulus
979 758 1077 779 autem

236 792 276 820 ita
295 792 382 820 habet
401 792 476 829 apud
493 793 585 819 Iriart.
602 793 666 820 cod.
682 792 819 819 XXXIV.
836 802 863 828 p.
882 802 943 828 ¹34-
960 792 1008 819 fol.
1025 801 1076 828 54:

237 833 367 867 Δεξίππου
386 835 541 868 φιλοσόφου
561 835 725 860 Πλατωνικοῦ
745 836 795 859 τῶν
814 834 849 860 εἷς
867 834 912 860 τὰς
929 833 1076 868 Ἀριστοτέ-

236 875 298 900 λους
322 875 472 909 κατηγορίας
495 874 607 909 ἀποριῶν
632 875 671 900 καὶ
694 873 796 900 λύσεων
817 875 943 909 κεφάλαια
963 886 990 908 μ.
1034 874 1079 901 Ita

230 914 316 950 primi
330 914 431 950 dialoqi
445 914 572 950 capitum
587 914 681 941 index.
716 914 775 941 Fol.
789 922 834 949 71.
848 915 984 950 leguntur
998 915 1076 942 haec:

237 956 371 990 Κεφάλαια
385 957 430 981 τοῦ
444 957 471 987 β.
487 956 567 990 λόγου
581 967 625 990 μγ.
647 955 793 982 sermonis
806 955 841 982 ΙΙ,
861 955 1012 991 (Dexippi)
1029 964 1077 982 ca-

236 995 296 1031 pita
310 995 418 1022 XLIII.
448 995 627 1022 Postremum
642 1002 728 1032 caput
739 996 780 1022 sic
795 995 976 1023 inscribitur:
998 996 1076 1022 Ἀπο-

236 1036 278 1070 ρία
292 1036 426 1062 Πλωτίνου
441 1036 480 1062 ὅτι
498 1037 575 1069 αὐτὴν
589 1037 634 1069 τὴν
649 1037 739 1062 οὐσίαν
753 1037 791 1064 τίς
806 1037 877 1062 ἐστιν
892 1037 921 1062 οὐ
935 1037 1077 1071 παρίστησι

236 1077 266 1102 τὸ
278 1078 416 1112 λεγόμενον
428 1077 504 1110 αὐτῆς
518 1076 592 1103 ἰ’διον,
615 1076 716 1103 Iri³rte
732 1077 794 1104 cod.
806 1076 1076 1104 1118.N¹'0.LXXVI.

236 1115 284 1144 fol.
301 1117 356 1152 56:
390 1119 524 1151 Κεφάλαια
549 1118 627 1143 αὑτοῦ
648 1118 682 1149 β’.
705 1119 785 1152 λόγου
813 1117 920 1153 (capita
948 1117 1077 1154 ejusdem

236 1157 356 1184 secundi
369 1157 447 1191 libri>
471 1158 502 1184 α’.
517 1159 630 1192 Πότερον
643 1158 766 1192 διαίρεσίς
780 1159 852 1184 ἐστιν
867 1158 880 1191 ἡ
896 1158 1078 1192 καταρίθμησις

238 1198 264 1224 ἐν
282 1199 336 1225 ταῖς
355 1199 513 1233 κατηγορίαις
532 1198 565 1225 1:3¹.
582 1199 716 1224 Πλωτίνου
735 1198 837 1233 ἀπορία,
854 1198 891 1224 ὅτι
912 1199 942 1224 τὸ
963 1199 1024 1224 αὐτὸ
1047 1199 1076 1225 οὗ

238 1239 355 1272 σημαίνει
374 1239 388 1271 ἡ
408 1239 484 1264 οὐσία
503 1239 545 1264 ε’πί
563 1250 590 1264 τε
609 1241 660 1264 τῶν
674 1240 781 1273 πρώτων
799 1239 878 1264 ὅντων
893 1240 932 1264 καὶ
952 1239 1075 1273 ὑστέρων,

237 1280 282 1305 οὐκ
297 1278 369 1306 ὄντος
382 1281 471 1314 γένους
485 1281 570 1305 κοινοῦ
584 1280 610 1305 ἐν
624 1278 662 1306 οἷς
676 1280 705 1305 τὸ
720 1281 844 1314 πρότερον
859 1281 897 1305 καὶ
917 1278 1076 1314 ὕστερον.-

237 1319 270 1346 δ’.
286 1320 420 1346 Πλωτίνου
441 1320 542 1355 ἀπορία,
558 1320 580 1345 εἷ
599 1321 631 1346 τὰ
650 1320 713 1346 αὐτά
733 1321 789 1346 ε’στι
807 1321 866 1355 γε’νη
881 1322 931 1345 τῶν
945 1320 1033 1350 ὅντων,
1050 1321 1076 1345 ἕν

236 1371 264 1386 τε
285 1362 338 1387 τοῖς
360 1362 457 1393 νοητοῖς
478 1361 517 1386 καὶ
538 1362 592 1387 τοῖς
612 1361 751 1393 αἰσθητοῖς.
779 1360 807 1386 ε’.
823 1360 928 1394 Ἀπορία
942 1360 1076 1386 Πλωτίνου

236 1401 300 1435 πρὸς
313 1400 507 1435 Ἀριστοτέλην,
523 1401 548 1426 τί
568 1401 651 1426 κοινὸν
672 1401 712 1426 ε’πὶ
733 1402 776 1433 τῆς
796 1399 858 1434 ὕλης
877 1401 915 1426 καὶ
935 1402 980 1426 τοῦ
995 1400 1076 1427 εἴδους

237 1442 276 1467 καὶ
290 1444 336 1467 τοῦ
350 1442 379 1475 ἐξ
393 1441 490 1475 ἀμφοῖν
503 1442 615 1475 ἑωρακὼς
629 1442 711 1466 πάντα
725 1442 814 1467 οὐσίας
828 1441 982 1475 λέγει.-,·’.
998 1440 1076 1467 Ἀπο,

236 1482 278 1516 ρία
302 1482 437 1507 Πλωτίνου
458 1482 517 1516 περὶ
540 1483 585 1514 τῆς
606 1481 696 1508 οὐσίας
721 1483 765 1514 τῆς
786 1482 863 1514 αὐτῆς
887 1481 900 1514 ἡ
925 1484 1011 1516 πρώτη
1037 1482 1077 1507 καὶ

236 1522 402 1555 ἁπλουστάτη
416 1523 507 1548 ἔννοια·
531 1522 570 1547 καὶ
591 1524 644 1548 πῶς
664 1523 763 1547 ἔνεστιν
782 1522 860 1555 αὐτὴν
879 1523 1076 1556 ἐξηγεῖσθαι.-

236 1562 266 1595 <fl
282 1562 416 1588 Πλωτίνον
437 1562 538 1597 ἀπορία,
554 1562 620 1588 διατί
641 1563 654 1595 ἡ
676 1562 752 1588 οὐσία
772 1564 940 1597 προτέτακται
958 1565 1008 1588 τῶν
1026 1563 1075 1589 ι’ίλ-

235 1602 370 1636 λων.-μ’.
384 1603 517 1629 Πλωτίνου
531 1603 632 1637 ἀπορία,
646 1602 685 1629 ὅτι
699 1604 728 1628 τὸ
744 1601 805 1629 εἶναι
819 1606 869 1628 τῶν
884 1604 1002 1629 ἐναντίων
1015 1603 1075 1629 ἀνα-

234 1644 311 1678 μέρος
335 1644 448 1669 δεκτικὸν
472 1643 505 1670 ὡς
527 1644 690 1677 συμβεβηκὸς
711 1645 742 1676 τῇ
765 1644 840 1677 οὐσίᾳ
864 1643 1073 1678 {animm—fid.

235 1684 369 1710 Πλωτίνου
383 1684 483 1718 ἀπορία,
500 1685 521 1709 εἷ
538 1685 600 1710 κατὰ
614 1685 644 1709 τὺ
663 1683 787 1710 σύνθετον
801 1685 846 1717 τὴν
860 1685 951 1710 οὐσίαν
965 1685 1075 1719 θεωροῦ-

235 1736 289 1758 μεν,
305 1723 448 1759 εὑρίσκεται
466 1725 480 1758 ἡ
500 1724 546 1758 ὕλη
563 1726 664 1758 μᾶλλον
683 1724 861 1759 etiaim—[vs.
876 1724 983 1760 ’Λπορία
998 1727 1075 1751 Πλω-

235 1766 314 1797 τίνου,
327 1765 366 1790 ὅτι
377 1766 454 1798 αὐτὴν
465 1765 555 1790 οὐσίαν
571 1765 612 1799 (in
629 1765 719 1792 altero
735 1765 799 1792 cod.
813 1765 924 1792 Matrit.
937 1765 1075 1801 scriptum

237 1811 280 1833 est
298 1806 376 1839 αὐτὴν
395 1806 440 1838 τὴν
459 1805 550 1831 οὐσίαν
567 1805 682 1832 rectius.
705 1805 771 1832 Vid.
787 1808 886 1842 supra)
902 1807 940 1833 τίς
955 1807 1027 1832 ἐστιν
1046 1807 1075 1832 οὐ

236 1846 392 1881 παρίστησιν
406 1847 435 1872 τὸ
450 1848 588 1881 λεγόμενον
601 1847 678 1879 αὐτῆς
691 1846 765 1873 ἰ’διον.

277 1886 408 1922 Excipiat
423 1886 473 1913 has
492 1887 655 1913 notationes
677 1887 804 1923 capitum
822 1886 936 1924 Dialogi
956 1886 1075 1913 secundi

235 1927 359 1957 initium,
379 1927 455 1963 quod
478 1933 507 1954 et
528 1927 621 1963 ipsum
644 1927 748 1954 Plotini
774 1927 952 1954 mentionem
976 1927 1074 1955 habet.

236 1967 363 1994 Pertinet
374 1974 470 1994 autem
487 1967 522 1994 ad
534 1967 724 1994 Ennead.VI.
742 1968 790 1995 lib.
804 1976 830 2003 3.
847 1978 908 2004 cap.
925 1977 949 1994 2.
966 1977 984 2004 p
1004 1968 1073 2003 617.

238 2008 299 2041 (ubi
319 2008 376 2035 vid.
392 2009 500 2035 Annon
523 2010 626 2042 nostr.)
652 2013 681 2035 et
702 2009 742 2035 ita
763 2009 901 2045 scriptum
921 2009 1026 2045 legitur
1045 2008 1075 2035 in

237 2048 299 2075 eod.
315 2058 399 2075 mser.
417 2049 706 2076 Mediceo-Laurent.
723 2059 766 2076 nr.
783 2058 830 2084 33.

259 2089 388 2123 Δεξίππου
401 2091 555 2123 φιλοσόφου
570 2091 728 2115 πλατωνικοῦ
743 2092 793 2115 τῶν
808 2091 843 2116 εἷς
856 2090 902 2116 τὰς
920 2089 1055 2124 ἀριστοτέ-

351 2131 413 2156 λους
427 2130 574 2164 κατηγορίας
589 2130 700 2164 ἀποριῶν
714 2141 740 2156 τε
756 2132 795 2156 καὶ
809 2130 919 2161 λύσεων,
933 2132 960 2162 β.

280 2169 363 2203 Μέχρι
383 2171 429 2202 μὲν
449 2170 546 2196 τούτων
567 2168 587 2196 oi
606 2171 816 2205 φιλομαθέστατε
840 2173 956 2201 σέλευκε,
976 2171 1008 2196 τὰ
1030 2171 1076 2203 μέν

238 2220 292 2235 τινα
307 2211 360 2236 τοῖς
372 2212 487 2237 παλαιοῖς
501 2211 625 2246 ἀνδράσιν
638 2210 782 2246 ἢπαρημένα
795 2213 984 2246 προβέβληκας,
1001 2211 1033 2236 τὰ
1048 2212 1075 2237 δέ

238 2252 276 2276 καὶ
295 2250 371 2276 αὐτὸς
388 2250 528 2284 ἐξεύρηκας.
551 2253 581 2276 τὸ
602 2252 629 2277 δὲ
649 2252 772 2282 ἐντεῦθεν,
790 2252 827 2277 ἐπ’
843 2253 906 2277 αὐτὰ
924 2253 1012 2285 μελλω
1032 2253 1073 2286 ἕρ-

236 2291 329 2324 χεσθαι
347 2290 379 2315 τὰ
392 2291 452 2324 γένη
466 2293 516 2316 τῶν
530 2295 691 2326 κατηγοριῶν.
714 2294 839 2327 πρότερον
855 2293 965 2327 χωρίσαι
983 2291 1074 2323 βούλει

237 2332 281 2357 τὰς
294 2330 401 2364 ἀπορίας
414 2332 459 2356 τοῦ
473 2332 600 2357 πλωτίνου
615 2334 654 2358 καὶ
668 2333 813 2360 τελευταίας
827 2334 909 2367 τάξαι,
923 2332 937 2366 ἢ
953 2334 1014 2358 κατὰ
1029 2333 1075 2366 τὴν

238 2372 331 2405 ἐφεξῆς
345 2373 396 2395 τῶν
414 2371 526 2404 ε’δαφίων
544 2372 694 2399 ἀκολουθίαν
708 2373 819 2400 κάκείνας
832 2374 992 2408 περιτιθέναι.
1014 2372 1073 2399 ἀλλ’

237 2413 322 2446 ἔμοιγε
341 2412 409 2436 δοκεῖ
425 2412 544 2443 μηδαμῶς
562 2412 607 2445 τὴν
625 2414 759 2447 συνέχειαν
777 2414 929 2440 διακόπτειν.
951 2413 1009 2439 ἀλλ’
1024 2414 1073 2447 ἐφ-

238 2453 296 2486 εξῆς
311 2452 435 2485 ἐξετάζειν
451 2452 481 2477 τὰ
499 2453 686 2484 συμπίπτοντα,
707 2456 809 2487 μελλων
822 2456 958 2489 τοιγαροῦν
971 2455 1016 2487 τῆς
1030 2455 1072 2479 οὒ-

238 2495 296 2519 σίας
311 2493 445 2526 ι’ίρχεσθαι,
457 2492 507 2517 ἀπὸ
522 2494 572 2517 τῶν
586 2495 782 2527 κατειλεγμένων
796 2494 893 2520 τούτων
907 2497 1072 2529 κατηγοριῶν,

235 2535 337 2568 πρῶτον
351 2533 436 2566 ε’ρωτῶ
450 2533 557 2566 πότερον
572 2532 605 2558 ὡς
619 2533 797 2566 διαιρουμένων
815 2536 897 2560 αὐτῶν
917 2535 930 2568 ἢ
951 2535 983 2562 ὡς
1001 2535 1071 2570 ἀριθ-

235 2574 367 2607 μουμένων
381 2574 472 2606 διανοῆ”
496 2573 631 2607 διηρῆσθαι
648 2574 693 2605 μὲν
711 2574 787 2600 αὐτὰς
803 2576 832 2600 οὗ
851 2576 993 2609 νομιστέον.
1015 2576 1074 2601 οὐδὲ

235 2615 285 2649 γάρ
306 2615 363 2639 ἐστι
384 2614 447 2647 τομὴ
468 2614 557 2648 γένους
578 2613 613 2639 εἷς
634 2612 696 2646 ε’ίδη·
724 2615 783 2640 οὕτε
803 2615 853 2649 γάρ
870 2616 927 2641 ἐστι
945 2615 970 2641 τί
991 2616 1074 2641 κοινὸν

286 2663 376 2688 VOL.
398 2663 423 2687 1.

1127 631 1201 665 γένος
1221 633 1272 656 τῶν
1286 631 1345 657 δέκα
1364 633 1521 665 κατηγοριῶν
1535 632 1624 656 ὁποῖον
1638 631 1772 665 εἰσάγουσι
1788 632 1854 658 τινὲς
1868 633 1897 657 τὸ
1912 631 1940 657 ὃν
1956 633 1969 665 ἦ

1127 671 1157 696 τὸ
1172 671 1205 697 τί.
1229 673 1287 697 οὔτε
1306 672 1339 705 μὴ
1360 671 1432 698 ὄντος
1447 673 1492 696 τοῦ
1512 672 1661 705 διηρημένου
1674 673 1773 706 γένους,
1789 671 1825 705 εἵη
1841 671 1870 698 ἂν
1885 673 1916 698 τὰ
1930 673 1969 699 δι-

1127 713 1254 746 αιροῦντα·
1277 712 1298 737 εἷ
1319 712 1346 737 δὲ
1365 711 1427 745 μητε
1447 713 1529 737 κοινὸν
1543 713 1616 746 γένος
1631 712 1672 737 ε’πὶ
1690 714 1741 737 τῶν
1757 712 1875 738 ἀνωτάτω
1889 715 1969 748 γενῶν

1128 750 1181 777 οἷόν
1192 763 1219 778 τε
1232 752 1289 778 ε’στι
1301 754 1400 784 λαβεῖν,
1413 752 1475 785 μὴτε
1486 753 1531 779 τὰς
1543 753 1693 786 διαιρετικὰς
1707 753 1842 788 διαφορὰς,
1854 754 1899 779 οὐκ
1913 755 1969 779 ἔστι

1128 792 1253 826 διαίρεσιν
1274 794 1359 818 καλεῖν
1379 793 1425 826 τὴν
1445 792 1563 826 τοιαύτην
1583 793 1766 827 ἀπαρίθμησιν.
1792 791 1830 828 ἆρ’
1850 793 1895 820 οὖν
1915 796 1969 821 τοῖς

1128 833 1169 859 ε’πὶ
1191 833 1326 868 στρατείας
1347 834 1426 859 ἔοικεν
1447 833 1461 866 ἡ
1483 834 1614 866 διαίρεσις“
1642 832 1695 859 οἶον
1715 835 1770 860 τοῖς
1791 835 1852 860 κατὰ
1874 836 1970 869 λόχους

1128 875 1348 908 συντεταγμένοις·
1371 874 1410 900 καὶ
1424 874 1473 909 γὰρ
1487 874 1538 899 ἐκεῖ
1551 875 1660 899 ἑκάστου
1674 875 1756 908 λόχου
1771 874 1877 902 ἕκαστος
1891 877 1970 910 λοχα-

1128 915 1173 948 γὸς
1188 915 1321 949 ἐξηγεῖται·
1345 915 1384 940 καὶ
1403 915 1508 940 ἐνταῦθα
1524 915 1538 947 ἡ
1552 915 1598 947 μὲν
1612 913 1688 940 οὐσία
1707 917 1757 940 τῶν
1775 915 1879 940 οὐσίων“
1901 917 1926 941 αἱ
1946 916 1968 942 δ’

1128 955 1204 980 ι’ίλλαι
1226 955 1372 990 κατηγορίαι
1393 957 1443 980 τῶν
1465 954 1509 989 ὑφ’
1525 956 1614 981 ἑαυτὰς
1630 956 1660 981 τὸ
1679 957 1754 990 κῦρος
1773 957 1817 988 τῆς
1837 956 1970 990 ἡγεμονίας

1127 995 1326 1029 προειληφασιν.
1352 995 1410 1021 ἀλλ’
1434 996 1476 1021 ε’ὰν
1497 997 1573 1021 τοῦτο
1597 996 1712 1030 λέγωμεν
1736 997 1925 1030 διεσπασμένον
1947 998 1971 1022 τὶ

1127 1037 1226 1069 πλῆθος
1241 1037 1314 1062 ἕσται
1333 1037 1362 1062 τὸ
1381 1038 1432 1062 τῶν
1447 1035 1526 1061 ὅντων
1545 1037 1585 1062 καὶ
1606 1037 1686 1063 ἐοικὸς
1704 1038 1757 1063 τοῖς
1772 1037 1969 1070 ε’κδιεστηκότων

1128 1078 1220 1110 φυλῶν
1234 1077 1273 1102 καὶ
1284 1078 1416 1111 φρατριῶν
1431 1078 1604 1111 συγκειμένοις
1618 1076 1658 1111 (in
1671 1086 1759 1113 marg.
1773 1079 1967 1112 συναγομένοις)

1128 1117 1253 1150 ἐνδήμοις,
1275 1119 1351 1143 τοῦτο
1370 1117 1397 1142 δέ
1416 1117 1461 1149 τὴν
1475 1118 1610 1151 συνέχειαν
1628 1118 1668 1142 καὶ
1685 1117 1861 1151 ἀλληλουχίαν
1875 1118 1970 1153 ἀναιρεῖ

1127 1158 1171 1190 τῆς
1192 1157 1393 1191 διακοσμήσεως.
1417 1158 1522 1187 βέλτιον
1543 1157 1587 1183 οὖν
1607 1157 1775 1192 ἀφορίζεσθαι
1796 1159 1841 1191 μὲν
1860 1159 1891 1184 τὰ
1908 1161 1968 1193 γένη

1127 1199 1188 1223 κατά
1202 1209 1271 1224 τινας
1285 1199 1387 1232 πρώτας
1401 1198 1527 1230 ἰδιότητας
1539 1200 1589 1223 τῶν
1603 1201 1768 1232 κατηγοριῶν,
1784 1200 1823 1225 καὶ
1843 1201 1966 1234 περιγρά-

1126 1239 1186 1272 φειν
1204 1239 1287 1264 αὐτῶν
1306 1239 1350 1271 τῆς
1369 1238 1537 1264 ὑποστάσεως
1558 1239 1664 1271 ἑκάστης
1680 1240 1725 1264 τὸν
1742 1240 1823 1274 λόγον
1842 1239 1895 1265 κατ’
1909 1241 1967 1266 ἑαυ-

1126 1278 1180 1311 τήν.
1203 1280 1242 1304 καὶ
1259 1278 1337 1311 ταὺτη
1357 1279 1487 1304 διεστάναι
1506 1279 1583 1305 αὐτὰς
1600 1279 1686 1312 χωρίς’
1708 1280 1786 1304 πάλιν
1800 1291 1829 1314 γε
1844 1280 1893 1313 μὴν
1906 1281 1966 1307 καθ-

1126 1320 1190 1344 όσον
1203 1320 1259 1354 περὶ
1274 1319 1320 1351 τὴν
1331 1319 1422 1344 οὐσίαν
1436 1319 1487 1344 εἶσὶ
1501 1319 1533 1344 τὰ
1548 1320 1729 1352 συμβεβηκότα
1743 1321 1783 1345 καὶ
1797 1320 1824 1346 ἐν
1835 1323 1865 1353 τῇ
1880 1321 1966 1355 οὐσίᾳ,

1126 1360 1165 1384 καὶ
1180 1360 1347 1385 συντάττεται
1366 1359 1430 1393 πρὸς
1449 1359 1526 1392 αὐτὴν
1540 1360 1759 1394 ὁμολογουμένως,
1776 1361 1838 1386 κατὰ
1852 1363 1968 1388 τοιοῦτον

1126 1399 1298 1433 ἀφομοιοτέον
1312 1400 1375 1425 αὐτὰ
1389 1401 1442 1426 τοῖς
1453 1399 1498 1434 ἀφ’
1512 1400 1566 1426 ἐνὸς
1581 1401 1620 1425 καὶ
1634 1401 1692 1435 περὶ
1707 1400 1732 1426 ἓν
1746 1403 1966 1435 συνταττομένοις.

1127 1441 1153 1466 τί
1176 1439 1220 1466 οὖν
1241 1442 1357 1475 μερισμῶ
1378 1442 1529 1474 προσέοικεν
1550 1440 1584 1467 ὣς
1608 1440 1687 1471 ὅλου;
1713 1442 1838 1475 οὐδαμῶς·
1866 1443 1896 1468 οὗ
1918 1444 1967 1478 γὰρ

1126 1482 1280 1515 περιγράφει
1299 1482 1329 1506 τὸ
1344 1483 1389 1506 τοῦ
1406 1481 1480 1506 οἱονεὶ
1497 1481 1669 1515 συγκρίματος
1690 1480 1821 1515 σύστημα,
1836 1484 1898 1508 κατά
1913 1495 1967 1509 τινα

1126 1520 1176 1547 ἰ’δια
1190 1522 1261 1555 μέρη·
1283 1522 1351 1547 ἀλλὰ
1365 1521 1467 1547 ἀναλύει
1483 1522 1522 1547 ἐπὶ
1537 1523 1568 1547 τὰ
1582 1521 1747 1556 ἁπλούστερα
1762 1524 1800 1548 καὶ
1815 1525 1967 1558 στοιχειώδη

1126 1563 1181 1589 ταῖς
1201 1562 1344 1596 διαληψεσι
1365 1564 1414 1588 τῶν
1433 1563 1550 1587 ἐπινοιῶν
1569 1563 1823 1598 στοιχειωδεστέραις
1841 1564 1879 1589 ἀεὶ
1897 1575 1966 1599 χρω-

1124 1603 1185 1636 μένη
1200 1604 1272 1636 τάξιν
1285 1603 1371 1635 μέντοι
1390 1603 1507 1634 διασώζει
1525 1603 1571 1635 τὴν
1585 1603 1649 1637 πρὸς
1663 1603 1689 1628 ἓν
1703 1604 1742 1628 καὶ
1757 1603 1782 1629 ἓν
1797 1604 1837 1629 καὶ
1851 1604 1896 1638 ἀφ’
1912 1606 1967 1632 ἑνὸς

1125 1642 1213 1678 ὥσπερ
1225 1644 1264 1669 καὶ
1279 1643 1304 1668 ἐν
1315 1645 1368 1670 τοῖς
1382 1642 1455 1668 οὖσιν
1467 1643 1480 1676 ἡ
1496 1643 1571 1668 οὐσία
1585 1644 1630 1676 τὴν
1644 1645 1746 1678 πρώτην
1761 1645 1800 1670 καὶ
1813 1646 1968 1679 κυριωτάτην

1124 1682 1217 1718 ε’ίληφε
1237 1684 1318 1717 τάξιν·
1346 1685 1404 1718 περὶ
1426 1684 1452 1709 δέ
1474 1684 1552 1716 αὐτὴν
1572 1685 1604 1709 τὰ
1625 1686 1807 1717 συμβεβηκότα
1828 1686 1966 1719 ὑφέστηκε.

1125 1726 1183 1756 περὶ
1197 1725 1243 1757 μὲν
1257 1725 1287 1757 δὴ
1301 1723 1408 1753 τούτων,
1424 1723 1514 1751 οὕτως.
1537 1724 1552 1749 ἃ
1569 1725 1598 1758 δὴ
1618 1727 1720 1759 πρῶτον
1732 1725 1822 1760 ἀπορεῖ
1840 1728 1967 1754 πλωτῖνος

1126 1765 1293 1799 σκεψώμεθα·
1316 1765 1405 1799 ἀπορεῖ
1422 1765 1471 1800 γὰρ
1486 1765 1572 1797 διττῆς
1590 1765 1680 1792 οὐσίας
1694 1765 1859 1800 ὑπαρχούσης
1878 1769 1967 1800 νοητῆς

1126 1817 1154 1831 τε
1167 1806 1205 1831 καὶ
1220 1806 1351 1838 αἰσθητῆς,
1363 1807 1417 1832 πῶς
1430 1806 1503 1840 γένος
1517 1805 1611 1831 δύναιτ’
1626 1804 1656 1831 ἂν
1670 1807 1790 1841 γενέσθαι
1804 1808 1833 1832 τὸ
1848 1807 1919 1834 αὐτό.
1942 1809 1966 1833 τὶ

1125 1846 1175 1880 γὰρ
1190 1847 1273 1871 κοινὸν
1287 1846 1314 1871 ἐν
1328 1846 1484 1880 ἀμφοτέροις
1503 1845 1604 1872 τούτοις
1622 1847 1648 1872 ε’ν
1666 1849 1702 1882 τῷ
1719 1844 1781 1872 εἶναι
1804 1847 1922 1882 ὑπάρχει.
1945 1849 1967 1874 εἶ

1126 1887 1152 1912 δὲ
1170 1887 1210 1912 καί
1224 1888 1304 1917 ἐστιν,
1323 1888 1380 1912 ἔστι
1394 1888 1519 1921 πρότερον
1532 1886 1629 1912 τούτων
1643 1887 1719 1913 ι’ίλλο.
1741 1887 1804 1922 ὅπερ
1819 1890 1877 1914 οὔτε
1892 1891 1966 1923 σῶμα

1126 1927 1197 1953 ἐστὶν
1211 1926 1262 1952 οὔτ’
1275 1927 1419 1961 ἀσώματον,
1441 1928 1514 1952 ἕσται
1528 1928 1578 1962 γὰρ
1593 1927 1606 1960 ἦ
1621 1928 1651 1953 τὸ
1665 1928 1802 1960 ἀσώματον
1813 1931 1896 1962 σῶμα,
1909 1929 1922 1962 ἢ
1937 1931 1966 1955 τὸ

1126 1969 1200 2001 σῶμα
1220 1968 1366 2000 ἀσώματον.
1396 1968 1474 1993 ’Ἔστι
1488 1969 1534 2001 μὲν
1548 1967 1592 1993 οὖν
1606 1969 1670 2002 πρὸς
1683 1970 1763 1994 ταῦτα
1780 1968 1869 2002 ῥάδιον
1883 1970 1966 1996 ἀντει-

1125 2010 1192 2035 πεῖν,
1215 2008 1253 2034 ὅτι
1274 2009 1343 2043 παρὰ
1362 2008 1406 2041 τὴν
1427 2009 1551 2042 πρόθεσιν
1569 2009 1600 2034 τὰ
1620 2008 1770 2043 α’πορηματα
1783 2011 1863 2035 ταῦτα
1880 2021 1965 2044 προσ-

1125 2049 1221 2083 άγεται.
1243 2051 1300 2075 οὔτε
1315 2049 1364 2083 γὰρ
1378 2049 1436 2083 περὶ
1450 2051 1499 2074 τῶν
1514 2048 1601 2079 ὄντων,
1618 2051 1676 2074 οὔτε
1693 2050 1752 2084 περὶ
1766 2052 1815 2075 τῶν
1829 2053 1908 2084 γενῶν
1922 2053 1966 2084 τῆς

1125 2090 1226 2123 πρώτης
1240 2090 1330 2116 οὐσίας
1344 2091 1388 2115 νῦν
1402 2090 1470 2125 αὐτῷ
1484 2091 1612 2124 πρόκειται
1626 2090 1720 2124 λέγειν’
1743 2091 1895 2124 στοχάζεται
1914 2094 1964 2117 τῶν

1126 2130 1187 2155 νέων
1201 2131 1254 2156 τοῖς
1268 2130 1456 2164 ἁπλουστέροις
1470 2130 1651 2156 ἐπακολουθεῖν
1665 2131 1815 2163 δυναμένων.
1837 2131 1900 2157 ὥστ’
1911 2133 1965 2158 ἐπεὶ

1124 2171 1182 2204 περὶ
1201 2171 1296 2204 λέξεων
1310 2171 1392 2196 αὐτῶν
1407 2172 1450 2196 νῦν
1464 2171 1536 2196 ἐστιν
1550 2170 1564 2203 ἡ
1580 2171 1680 2204 σπουδὴ
1699 2169 1738 2197 αἷς
1753 2172 1783 2197 τὸ
1803 2171 1855 2197 κατ’
1870 2173 1966 2198 οὐσιῶν

1124 2212 1248 2245 λέγεσθαι
1268 2211 1384 2245 ὑπάρχει,
1400 2212 1480 2244 μάτην
1495 2211 1520 2236 ἐν
1535 2213 1565 2243 τῇ
1581 2212 1639 2245 περὶ
1658 2210 1756 2237 τούτων
1770 2212 1864 2246 σκέψει
1880 2215 1964 2239 ἐπεισ-

1123 2252 1180 2286 άγει
1194 2252 1239 2278 τὰς
1252 2252 1310 2285 περὶ
1324 2254 1375 2277 τῶν
1386 2251 1465 2277 ὅντων
1477 2251 1593 2284 ζητήσεις
1607 2253 1621 2277 ὁ
1633 2253 1769 2279 πλωτῖνος.
1794 2252 1855 2287 CR]
1886 2252 1966 2281 Inter

1125 2301 1174 2318 cos
1191 2292 1238 2327 qui
1255 2291 1359 2318 Plotini
1379 2301 1466 2327 opera
1488 2291 1653 2318 lectitarunt
1671 2292 1800 2327 sequitur
1814 2293 1920 2320 saeeulo
1936 2304 1963 2330 p.

1126 2332 1193 2358 Chr.
1210 2332 1311 2368 quinto
1326 2332 1421 2358 David
1434 2332 1628 2368 philosophus,
1643 2334 1724 2369 cujus
1734 2334 1795 2370 jam
1810 2343 1897 2370 supra
1916 2335 1966 2361 ali-

1126 2373 1239 2408 quoties
1255 2372 1364 2399 mentio
1380 2372 1456 2399 facta
1470 2378 1522 2399 est.
1556 2372 1599 2399 De
1615 2382 1649 2399 eo
1665 2373 1773 2408 primus
1785 2383 1854 2400 vera
1868 2374 1966 2402 docuit

1124 2413 1251 2440 Jacobus
1267 2413 1417 2439 Morellius
1433 2413 1461 2440 in
1474 2413 1604 2449 Epistola
1618 2412 1653 2440 ad
1665 2413 1920 2449 Wyttenbachium
1937 2415 1965 2441 in

1125 2453 1209 2490 hujus
1234 2453 1432 2480 Philomathiae
1458 2453 1533 2480 Part.
1556 2453 1608 2480 ΙΙΙ.
1635 2463 1663 2490 p.
1680 2462 1858 2490 317--320;
1889 2456 1965 2482 unde

1124 2493 1282 2531 insigniora
1309 2494 1458 2531 subjiciam
1472 2505 1477 2520 z
1511 2498 1529 2508 “
1542 2494 1623 2529 Opus
1651 2494 1792 2521 ineditum
1819 2500 1911 2522 exstat
1936 2496 1964 2521 iu

1126 2537 1145 2548 “
1160 2535 1307 2562 codicibus
1329 2534 1440 2561 duobus
1464 2534 1649 2561 Bibliothecae
1668 2534 1790 2562 Venetae
1813 2536 1882 2562 Saec.
1898 2535 1962 2562 XV.

1125 2578 1142 2589 “
1160 2576 1286 2602 numeris
1308 2583 1373 2610 235.
1391 2581 1420 2602 et
1434 2583 1503 2610 509.
1525 2575 1641 2606 notatis,
1664 2581 1693 2602 et
1714 2575 1743 2602 in
1765 2575 1826 2602 aliis
1848 2585 1962 2611 quoque

1125 2617 1144 2629 “
1158 2615 1279 2643 aliarum
1300 2615 1465 2642 Parisiensis
1488 2615 1623 2642 nimirum
1649 2615 1844 2650 [bibliothecae
1868 2616 1963 2652 Regiae

1166 2667 1184 2688 e
