2201 2990
197 157 259 191 xiv
727 152 875 186 PETR.
904 152 1092 186 PERNAE
1119 150 1403 186 PRAEFATIO.

202 255 371 289 deducat:
398 253 598 287 observatio
616 263 738 286 rursus
757 264 820 286 nec
839 253 937 286 brevi
956 259 1112 295 tempore
1136 263 1199 285 nec
1223 251 1267 284 ab
1285 263 1356 284 uno
1380 251 1498 294 aliquo
1516 250 1590 283 fieri
1610 255 1737 294 queat:
1765 251 1801 284 ni
1825 252 1939 295 supel-

201 313 316 346 lectile
342 312 498 356 profecto
525 311 682 350 rationis,
703 316 741 344 ut
760 312 809 344 ita
834 312 969 355 loquar,
988 310 1225 354 comparanda
1251 309 1504 352 experientiam
1530 308 1696 341 famulari
1719 312 1753 341 et
1778 309 1941 342 obstetri-

202 371 284 409 cari,
304 371 459 415 adeoque
477 369 737 403 Auctoritatem
757 381 889 408 eorum,
908 368 967 412 qui
987 380 1067 402 cum
1087 369 1222 401 ratione
1240 367 1426 400 observata
1449 367 1673 404 invenerunt,
1693 367 1837 399 inventa
1860 378 1941 400 con-

205 429 408 469 stituerunt,
436 429 627 461 constituta
654 428 857 465 docuerunt,
886 427 1031 459 maximi
1059 426 1253 459 faciendam
1282 435 1366 463 esse,
1394 428 1557 457 constans
1584 428 1723 456 naturae
1750 424 1835 457 ordo
1863 435 1940 467 per-

205 488 338 520 suadet.
391 486 564 526 Quocirca
590 484 807 518 admirabilis
832 485 889 516 ille
913 489 1052 516 naturae
1078 489 1208 526 mystes
1231 487 1265 515 et
1284 482 1456 524 interpres
1474 480 1696 521 Aristoteles,
1715 482 1775 526 qui
1795 482 1884 515 nihil
1903 483 1939 515 in

205 546 384 578 intellectu
402 556 476 578 esse
494 544 629 582 asserit,
648 542 741 586 quod
764 552 834 574 11011
860 541 958 584 prius
982 541 1018 573 111
1044 552 1147 573 sensu
1166 540 1284 578 fuerit,
1303 537 1361 572 τὸν
1379 536 1582 576 μανθάνοντα
1602 538 1761 572 πιστεύειν
1780 544 1941 583 oportere

204 603 463 647 pronunciavit.
523 601 603 634 Etsi
630 601 723 633 enim
752 599 930 632 hominem
958 598 1206 642 philosophum
1235 596 1382 629 rationis
1410 600 1443 628 et
1471 596 1639 629 orationis
1669 596 1823 636 libertas,
1851 598 1940 630 nulli

206 661 407 694 auctoritati
426 660 554 698 dedita,
574 659 638 691 soli
658 658 798 690 veritati
818 657 968 695 addicta,
987 657 1125 689 deccat:
1153 655 1273 687 eadem
1293 658 1411 686 tamen
1430 653 1507 696 ipsa
1529 664 1658 696 paucos
1682 659 1834 693 tantum,
1853 666 1941 698 quos

205 730 328 763 aequus
347 718 478 750 amavit
497 717 519 749 J
524 717 674 760 uppiter,
694 716 823 759 quique
842 716 1086 748 auctoritatem
1107 724 1244 747 omnem
1265 713 1396 745 divinae
1416 712 1543 744 mentis
1563 712 1775 755 perspicacia
1798 723 1941 755 supera-

204 777 330 814 verint,
350 775 471 808 cadere
490 779 625 818 potest:
654 773 886 806 mediocribus
905 774 1058 812 interim,
1077 783 1229 816 quorum
1248 776 1300 804 est
1318 781 1399 814 pars
1419 770 1584 808 maxima,
1602 770 1826 812 opinionibus
1845 775 1943 803 ante-

205 845 378 868 cessorum
402 844 547 866 suorum
572 832 703 865 servire
727 832 839 864 multo
863 832 1056 864 consultius
1080 830 1199 868 fuerit,
1218 840 1323 873 quam
1344 827 1602 860 inconsiderato
1620 827 1792 860 libertatis
1811 828 1942 866 studio,

204 892 389 936 repudiata
415 891 591 935 majorum
617 889 838 929 auctoritate,
856 887 1053 933 καινοὸοξίας
1077 887 1301 933 tyrannidem
1329 885 1506 918 invadere.
1560 884 1681 928 Atque
1704 890 1744 918 ut
1770 884 1940 918 Indorum

206 950 400 983 Germanas
427 954 532 993 atque
557 947 810 987 Brachmanas,
829 946 1081 991 iEgyptiorum
1108 946 1314 983 sacerdotes,
1334 943 1521 977 Chaldaeos
1540 943 1832 987 Babyloniorum,
1858 943 1943 988 Scy-

205 1008 346 1041 tharum
380 1007 662 1044 TarabostescOS,
690 1004 947 1037 Germanorum
980 1009 1085 1047 atque
1113 1004 1295 1036 Gallorum
1324 1002 1480 1034 Druidas
1512 1002 1745 1034 omittamus:
1783 1006 1940 1034 veterum

206 1071 297 1099 certe
316 1065 465 1098 Graeciae
492 1063 780 1108 philosophorum
810 1062 945 1095 scholas
973 1063 1060 1094 duas
1087 1061 1341 1099 celeberrimaS,
1363 1060 1517 1093 Ionicam
1542 1059 1616 1103 jam
1643 1059 1723 1091 inde
1750 1070 1770 1091 a
1789 1058 1943 1092 Thalete

207 1125 250 1157 ad
270 1124 478 1166 Epicurum,
499 1122 656 1155 Italicam
678 1132 697 1153 a
716 1120 923 1164 Pythagora
942 1120 984 1152 ad
1005 1120 1182 1152 Socratem
1202 1129 1313 1161 usque
1332 1118 1510 1157 deductas,
1527 1117 1727 1150 auctoritati
1748 1118 1940 1160 plurimum

206 1181 381 1219 tribuisse,
400 1185 433 1212 et
453 1180 535 1212 dum
556 1179 702 1212 rationis
723 1179 871 1223 vestigia
890 1183 1080 1215 sectantur,
1099 1176 1247 1209 subinde
1266 1176 1301 1208 111
1321 1176 1541 1208 auctoritatis
1561 1175 1731 1218 pomoeria
1749 1174 1942 1214 deflexisse,

208 1240 261 1272 vel
282 1238 545 1283 Pythagoreum
568 1237 666 1271 1111111,
686 1235 780 1271 αὐτὸς
798 1237 876 1282 ἔφη,
895 1236 979 1268 satis
999 1246 1172 1278 superque
1191 1234 1378 1266 convincit.
1418 1233 1577 1265 Socrates
1596 1233 1749 1275 quidem,
1768 1244 1846 1265 cum
1866 1233 1945 1276 phi-

207 1297 401 1340 losophiam
430 1296 630 1328 mutilatam
657 1295 691 1327 in
719 1295 894 1339 integrum
923 1294 1118 1331 restituere,
1139 1304 1200 1324 nec
1227 1297 1365 1324 natura*
1389 1295 1527 1323 tantum
1550 1290 1811 1329 obscuritatem,
1831 1291 1889 1323 sed
1909 1296 1944 1324 et

208 1366 346 1388 morum
379 1354 639 1397 improbitatem
674 1353 852 1397 indagare,
883 1352 1110 1395 ejusdemque
1146 1350 1350 1393 reparandze
1383 1349 1524 1381 modum
1557 1359 1715 1392 quau-ere
1746 1348 1943 1388 institisset,

207 1419 351 1458 propter
369 1411 639 1456 philosophandi
661 1411 869 1454 elegantiam
890 1415 923 1442 et
944 1410 1027 1442 vitze
1052 1408 1318 1441 sanctimoniam
1340 1419 1381 1439 ex
1401 1418 1436 1439 se
1459 1407 1691 1450 posteriorum
1718 1405 1943 1450 philosopho-

207 1484 287 1505 rum
306 1471 458 1504 colonias
477 1470 592 1502 varias
611 1469 843 1512 propagavit:
871 1468 953 1500 dum
974 1479 1054 1510 qua¹
1074 1466 1118 1499 ab
1137 1467 1197 1499 illo
1216 1466 1359 1498 virtutis
1378 1469 1411 1497 et
1432 1464 1590 1497 veritatis
1610 1464 1785 1496 naturalia
1808 1465 1943 1498 semina

208 1531 410 1567 hauserant,
430 1529 483 1560 vel
512 1527 639 1560 rectius
669 1527 875 1570 intelligere,
896 1526 950 1558 vel
977 1524 1182 1569 diligentius
1211 1524 1377 1562 excolere,
1406 1523 1548 1555 solertes
1576 1522 1737 1564 discipuli
1767 1523 1943 1556 studuere.

210 1588 305 1621 Hinc
332 1588 417 1620 adeo
437 1585 728 1619 Academicorum
757 1583 1046 1627 philosophorum
1075 1588 1167 1615 secta
1195 1593 1215 1614 a
1235 1581 1393 1620 Platone,
1412 1581 1626 1624 Cynicorum
1654 1580 1698 1612 ab
1716 1579 1942 1620 Antisthene,

209 1658 289 1690 quw
309 1657 390 1679 mox
409 1644 561 1677 Stoicam
581 1655 720 1687 quoque
739 1654 780 1675 ex
799 1654 835 1674 se
854 1642 1031 1685 produxit,
1051 1641 1252 1674 constituta»
1272 1639 1426 1672 fuerunt.
1472 1638 1631 1671 Platonis
1650 1638 1841 1681 discipulus
1861 1638 1943 1672 Ari-

210 1705 361 1742 stoteles,
381 1702 651 1746 Peripateticam
681 1701 851 1734 coloniam
881 1699 1063 1742 metropoli
1089 1710 1152 1732 51111
1178 1698 1221 1731 ob
1245 1698 1378 1730 ordinis
1405 1696 1631 1739 methodique
1656 1696 1767 1728 lucem
1793 1700 1844 1729 tot
1866 1697 1941 1740 jam

210 1763 405 1795 seculorum
425 1764 594 1804 perpetua
613 1759 827 1792 successione
847 1758 1051 1801 neutiquam
1072 1756 1272 1789 inferiorem
1293 1756 1328 1788 in
1350 1755 1504 1799 Lyceum
1530 1754 1685 1786 deduxit.
1739 1753 1943 1787 Academiae

210 1821 351 1854 interim
371 1819 498 1852 veteris
517 1829 643 1850 nomen
663 1823 696 1850 et
715 1817 923 1861 dignitatem
944 1815 1161 1859 Speusippus
1179 1825 1256 1847 cum
1276 1812 1533 1846 successoribus
1551 1813 1784 1847 conservavit.
1802 1812 1941 1845 Arcesi-

210 1880 286 1912 laus
306 1878 468 1916 mediam,
488 1876 646 1920 Lacydes
665 1886 792 1909 novam
812 1875 957 1907 invexit.
1011 1872 1171 1906 Turbata
1196 1872 1419 1915 postmodum
1440 1882 1509 1904 una
1528 1881 1606 1903 cnm
1627 1870 1774 1912 imperio
1792 1869 1944 1903 Atheni-

212 1937 302 1969 011515
329 1935 457 1968 scholar
485 1935 757 1968 constitutione:
794 1934 865 1966 suis
892 1932 1006 1965 excita
1033 1930 1209 1963 natalibus
1237 1941 1299 1973 per
1325 1934 1434 1962 totam
1463 1929 1577 1972 primo
1605 1928 1791 1966 Graeciam,
1818 1928 1944 1961 deinde

212 1995 317 2027 etiam
336 2005 398 2037 per
417 1993 557 2025 Italiam
575 2003 691 2025 ramos
711 2003 791 2024 suos
810 1991 1002 2024 Academia
1025 2001 1096 2033 pra·
1115 1989 1250 2022 czeteris
1275 1988 1376 2020 sectis
1401 1998 1566 2031 spargere
1591 1986 1715 2029 coepit:
1744 1990 1842 2018 tanta
1866 1987 1943 2019 coeli

213 2053 345 2095 solique
364 2051 591 2095 benignitate,
611 2055 651 2083 ut
671 2049 878 2082 viviradices
896 2049 973 2081 istae
993 2049 1029 2080 in
1049 2047 1237 2080 latissimas
1257 2047 1374 2089 sylvas
1393 2045 1632 2078 excreverint:
1660 2049 1693 2076 et
1715 2049 1942 2088 posteaquam

215 2110 352 2143 Gracia
371 2113 482 2152 capta,
502 2108 612 2141 ferum
634 2109 801 2141 victorem
821 2107 922 2150 cepit,
942 2111 980 2139 ut
998 2107 1056 2139 ille
1074 2106 1134 2143 ait,
1155 2105 1348 2138 Platonicae
1368 2102 1601 2147 philosophiae
1620 2112 1717 2145 seges
1737 2101 1860 2134 Romae
1879 2102 1944 2135 im-

215 2169 338 2212 primis
364 2167 471 2200 fuerit
498 2167 734 2210 amplissima:
762 2177 832 2198 non
858 2165 939 2197 viva
966 2170 1104 2197 tantum
1133 2163 1333 2200 traditione,
1351 2162 1410 2194 sed
1435 2169 1469 2194 et
1496 2160 1634 2203 scriptis
1660 2159 1941 2193 doctissimorum

214 2226 396 2259 hominum
426 2224 569 2257 mirifice
596 2228 790 2257 contestata
817 2228 850 2256 et
877 2222 1059 2255 celebrata.
1114 2221 1154 2254 Id
1179 2221 1272 2265 quod
1297 2231 1388 2253 unus
1414 2219 1576 2252 Plotinus
1601 2217 1819 2260 Lycopolita,
1838 2229 1941 2260 quem

216 2285 272 2317 hic
291 2285 327 2316 in
345 2294 481 2316 scenam
502 2282 693 2315 litei-ariani
712 2282 906 2320 cultiorem,
921 2279 1239 2325 elegantioremqne
1258 2278 1495 2322 producimus,
1510 2275 1692 2309 Ammonii
1708 2274 1942 2308 Alexandrini

216 2341 343 2375 summi
363 2340 561 2384 philosophi
581 2340 624 2372 ab
643 2351 734 2372 anno
756 2339 871 2371 aetatis
890 2339 986 2370 xxix.
1006 2349 1076 2381 quo
1094 2337 1248 2380 primum
1273 2336 1316 2369 ad
1338 2333 1596 2378 philosophiam
1621 2333 1775 2371 accessit,
1798 2344 1860 2376 per
1883 2345 1942 2366 an-

215 2411 278 2434 nos
302 2399 462 2432 undecim
488 2398 636 2442 diligens
664 2398 815 2435 auditor,
834 2396 999 2440 Origeuis
1018 2399 1051 2427 et
1070 2394 1219 2427 Erennii
1238 2392 1507 2435 condiscipulus,
1527 2391 1648 2423 docere
1675 2395 1799 2434 potest.
1852 2391 1943 2424 Con-

215 2462 358 2491 venerat
376 2457 468 2489 inter
486 2467 542 2488 eos
562 2456 636 2499 jam
657 2456 751 2493 olim,
770 2466 813 2487 ne
836 2454 1067 2486 acroamatica
1095 2451 1319 2495 praeceptoris
1346 2451 1513 2494 dogmata
1539 2449 1692 2487 ederent,
1712 2449 1771 2482 sed
1790 2461 1848 2482 ore
1866 2455 1943 2482 tan-

214 2522 288 2550 tum
310 2514 475 2559 legitimis
494 2513 712 2546 auditoribus
731 2523 770 2545 ea
789 2511 1089 2549 communicando,
1107 2509 1350 2542 auctoritatem
1376 2507 1504 2540 scholae
1529 2512 1722 2540 tuerentur.
1774 2506 1826 2540 At
1848 2512 1942 2550 post-

215 2585 320 2618 quam
340 2572 435 2616 prior
450 2571 639 2609 Erennius,
658 2570 783 2603 deinde
801 2569 973 2613 Origenes
991 2568 1094 2600 fidem
1113 2566 1247 2605 fefellit,
1267 2566 1325 2598 sed
1345 2570 1378 2598 et
1397 2565 1480 2609 quia
1498 2565 1675 2598 auditores
1694 2564 1838 2603 Plotini,
1856 2575 1942 2607 quo-

215 2643 293 2666 rum
312 2642 373 2675 per
391 2641 472 2663 ann.
492 2627 548 2662 26.
568 2628 694 2661 Romae
713 2632 747 2660 et
765 2627 894 2660 multos
913 2630 947 2658 et
965 2625 1119 2658 eruditos
1147 2623 1282 2663 habuit,
1301 2623 1375 2656 sine
1402 2623 1608 2667 dogmatum
1636 2621 1804 2666 anagnosi
1831 2622 1939 2654 solam

214 2689 371 2723 acroasin
399 2687 668 2720 tumultuariam
699 2684 959 2729 sequebantur:
995 2683 1055 2715 vix
1083 2681 1223 2715 tandem
1254 2681 1415 2714 Plotinus
1447 2680 1729 2725 quadragenario
1757 2679 1870 2723 major
1896 2681 1940 2713 ad

215 2746 352 2781 LXVI.
371 2746 484 2779 aetatis
503 2756 646 2783 annum,
664 2743 724 2787 qui
744 2743 916 2776 secundus
934 2741 1003 2774 fuit
1022 2740 1160 2774 Claudii
1182 2738 1229 2772 II.
1251 2738 1339 2782 Imp.
1360 2739 1500 2783 utrique
1526 2743 1618 2771 certe
1642 2736 1769 2776 fatalis,
1787 2737 1831 2769 ad
1858 2738 1941 2770 scri-
