2201 2990
234 174 315 213 434

234 257 316 294 dem,
340 256 394 288 ubi
417 255 520 287 deficit
540 255 666 287 bonum.
711 254 859 293 Quamvis
883 262 987 286 autem
1008 253 1075 285 haec

236 300 279 331 ita
293 299 381 342 quasi
396 307 476 330 sorte
487 299 677 341 contingant,
693 306 758 329 erat
773 306 874 329 tamen
890 298 929 328 ab
943 297 1029 329 initio
1043 296 1075 328 in

235 350 389 374 rectorum
413 342 581 373 intentione
603 349 633 372 et
656 342 687 372 in
713 350 833 372 naturae
852 340 966 372 virtute
989 340 1076 371 malis

235 385 467 428 quomodolibet
481 385 739 427 contingentibus,
753 385 830 415 bene
843 384 899 421 uti,
911 395 947 414 ac
962 383 1075 426 passim

236 428 378 460 informia
391 428 566 460 reformare.

412 481 558 518 Confirmat
573 481 664 508 eadem
675 492 684 507 .·
709 484 792 506 movet
808 479 898 505 dubia.

278 521 337 552 VI.
362 520 514 558 Quoniam
538 530 595 562 pro
617 526 728 549 natura
751 517 942 559 suscipientis
966 527 1077 547 unum-

236 563 384 606 quodque
412 562 569 605 recipitur,
598 569 726 598 constat,
756 560 855 597 bonis,
882 570 1078 600 quaecunque

236 606 431 648 contingunt,
460 606 542 636 bona
571 604 694 636 tandem
723 603 861 639 evadere,
888 601 975 632 malis
1005 613 1077 632 vero

237 649 325 680 mala.
365 650 445 679 Item
461 659 532 679 cum
548 655 578 678 et
593 647 684 677 homo
700 646 738 676 sit
754 646 818 688 ipse
834 644 964 681 animus,
980 655 1015 674 ac
1031 651 1077 674 to-

237 700 305 724 tum
334 691 428 723 animi
456 691 573 722 bonum
602 690 633 720 in
656 689 771 719 virtute
797 687 951 723 consistat,
977 694 1077 717 totum

237 747 310 766 vero
325 734 440 765 malum
456 734 486 764 in
502 733 669 776 pravitate:
695 741 883 772 consequens
902 737 956 766 est,
974 736 1009 759 ut
1024 729 1078 759 ho-

237 778 312 809 mini
327 789 382 820 per
400 777 541 808 virtutem
558 775 727 806 absolutam
746 774 836 803 beato
855 772 1013 814 sequentia
1028 783 1079 802 ex-

238 829 286 852 tra
309 820 445 851 animum
468 818 628 850 commoda
651 816 698 847 vel
721 815 914 846 incommoda
937 814 1012 845 nibil
1034 814 1080 856 ip-

239 864 301 895 sius
316 863 397 894 bono
412 862 527 893 addant
547 859 712 902 aliquando
730 868 783 890 aut
808 858 942 889 demant.
991 857 1080 888 Simi-

237 907 307 938 liter
328 912 363 937 ut
382 905 508 942 homini,
522 904 554 934 id
577 911 632 939 est,
647 902 748 933 animo
771 913 826 944 per
841 901 949 931 vitium
972 901 1081 931 confir-

238 957 356 980 matum
378 948 497 984 misero,
522 945 680 988 sequentia
704 945 777 975 nihil
800 944 872 974 boni
895 944 1034 980 afferant,
1050 951 1081 974 et

238 992 309 1023 mali
335 991 409 1022 nihil
435 990 593 1021 auferant:
618 988 776 1018 decentius
801 996 903 1018 tamen
928 986 1081 1028 plerisque

237 1035 403 1071 videbitur,
420 1033 505 1063 bonis
519 1032 644 1074 quidem
658 1031 833 1071 contingere
848 1041 1006 1071 prospera,
1018 1041 1081 1059 ma-

238 1078 274 1108 lis
288 1077 433 1108 adversa:
459 1083 494 1106 ut
508 1075 550 1106 ita
566 1074 671 1105 saltem
688 1073 834 1116 pra—clara
849 1073 1000 1103 bonorum
1022 1084 1078 1103 au-

237 1128 368 1162 geantur
379 1130 483 1161 opera,
496 1117 646 1149 malorum
658 1129 729 1147 vero
740 1116 863 1159 publica
873 1115 985 1146 scelera
1000 1127 1080 1146 com-

237 1163 418 1205 primantur.
465 1161 526 1192 Sed
552 1169 716 1202 antequam
747 1159 787 1190 ad
811 1159 876 1190 lioec
899 1158 1081 1200 respondea-

238 1214 300 1243 tur,
325 1204 530 1236 considerabis
560 1204 735 1234 universum
769 1214 865 1244 usque
890 1202 930 1232 ad
956 1201 1083 1231 minima

238 1260 382 1291 quaeque,
399 1248 440 1279 sic
464 1247 503 1278 ab
522 1246 723 1288 intelligentia
739 1245 922 1287 dependere,
940 1253 975 1275 ut
993 1244 1083 1274 intel-

237 1291 374 1323 lectualis
388 1290 590 1333 providentiae
606 1290 703 1320 virtus
718 1297 747 1319 et
764 1288 842 1319 :it-tio
859 1299 956 1330 usque
973 1287 1011 1317 ad
1028 1287 1083 1317 mi-

238 1335 323 1365 nima
337 1347 368 1365 se
383 1333 549 1372 diffundat,
566 1332 702 1374 nihilque
719 1331 870 1373 relinquat
886 1342 946 1361 non
961 1330 1083 1361 ordina-

240 1386 318 1409 tum.

459 1421 519 1448 Dat
532 1421 666 1456 principia
682 1419 864 1454 respondendi.

285 1461 365 1491 VII.
389 1459 461 1490 Noli
491 1459 548 1489 boc
579 1459 609 1489 in
638 1458 766 1495 mund0,
793 1457 845 1499 qui
876 1468 937 1487 non
966 1456 1085 1498 primus

240 1503 376 1534 mundus
389 1510 444 1539 est,
461 1502 512 1532 sed
529 1510 659 1543 quartus
675 1502 827 1542 longeque
843 1512 859 1530 a
875 1500 974 1542 primo
990 1499 1083 1541 dege-

240 1555 338 1584 nerat,
363 1545 533 1576 absolutam
565 1544 825 1587 pulchritudinem
856 1543 946 1585 primi
977 1542 1086 1573 mundi

241 1589 423 1620 desiderare.
469 1588 541 1619 Noli
570 1599 691 1618 rursum
718 1587 747 1617 in
773 1586 943 1617 actionibus
965 1586 1084 1616 anima-

241 1644 309 1663 rum
335 1631 545 1662 rationalium:
571 1642 642 1672 qua„¹
669 1638 814 1671 tanquam
842 1641 878 1659 ex
903 1641 933 1659 se
957 1628 1084 1659 mobiles

239 1676 395 1707 actionum
418 1674 492 1716 ipsas
518 1685 642 1704 suarum
665 1673 771 1703 talium
796 1672 935 1703 videlicet
959 1680 1013 1702 aut
1037 1679 1083 1702 ta-

240 1719 315 1750 lium
342 1717 493 1761 principia
520 1725 602 1754 sunt,
630 1717 766 1747 incusare
796 1717 909 1752 Deum,
937 1724 1083 1756 tanquam

241 1761 347 1793 talium
364 1761 487 1803 proprie
503 1772 594 1791 causa
617 1760 655 1790 sit
677 1760 849 1790 actionum:
876 1758 936 1788 noli
960 1770 1085 1799 quoque

241 1805 356 1835 animas
371 1803 511 1835 arbitrari
527 1815 565 1834 cx
586 1803 651 1845 ipsa
672 1811 782 1833 natura
805 1801 911 1831 mundi
934 1800 1085 1842 compelli,

244 1856 277 1878 ut
300 1847 450 1878 actionem
474 1846 631 1888 vitamque
656 1846 745 1876 taleni
769 1845 882 1885 eligant
905 1853 958 1875 aut
982 1844 1084 1874 talem.

244 1893 325 1921 Cum
348 1890 428 1921 enim
451 1889 622 1920 animarum
648 1888 776 1919 essentia
799 1888 834 1918 sit
864 1896 973 1918 natura
994 1898 1082 1917 mun-

243 1934 323 1964 dana
338 1933 476 1975 superior
491 1941 584 1974 atquc
600 1932 692 1974 prior.
704 1943 763 1961 non
780 1943 816 1961 ex
835 1930 962 1966 mundo,
979 1930 1030 1960 sed
1047 1941 1085 1960 ex

245 1977 316 2018 ipsis
337 1976 455 2012 accidit,
474 1984 509 2006 ut
533 1976 562 2005 in
582 1975 699 2005 inundo
716 1974 829 2011 vivant,
850 1974 1009 2015 magisque
1030 1973 1086 2002 mi-

245 2031 340 2049 nusve
369 2019 540 2049 afficiantur
570 2018 608 2048 ad
641 2017 802 2048 mundum.
851 2016 921 2047 Noli
951 2016 1085 2057 denique

245 2062 284 2092 ab
299 2062 457 2092 animabus
472 2073 542 2092 cum
563 2069 673 2091 natura
697 2071 859 2102 corporum
875 2060 939 2101 jain
956 2059 1085 2089 nimium

246 2105 438 2141 coeuntibus,
466 2104 641 2135 sublimium
670 2104 840 2134 animarum
868 2102 1085 2144 perfectionem

247 2158 370 2189 prorsus
390 2147 520 2188 exigere.
568 2148 662 2183 Cave,
684 2159 731 2183 ne,
749 2146 821 2187 quia
843 2145 944 2175 minus
967 2145 1087 2175 ordina-

247 2198 312 2220 tum
336 2201 432 2231 genus
456 2190 614 2220 hominum
638 2190 789 2225 videatur,
812 2200 903 2229 neges
927 2199 1024 2229 usquc
1048 2187 1087 2217 ad

247 2232 384 2263 homines
402 2232 535 2263 divinam
556 2233 779 2274 providentiznn
802 2231 972 2273 provenire,
994 2242 1086 2272 quam

246 2275 336 2306 etiam
355 2274 435 2305 infra
456 2275 609 2306 hominem
625 2275 662 2306 ad
681 2275 805 2305 minima
820 2286 951 2316 quasque
966 2273 1089 2304 descen-

247 2318 319 2349 dere
338 2317 424 2348 decet
444 2318 685 2348 artificiosissima
702 2319 809 2348 horum
827 2317 965 2347 omnium
985 2316 1087 2358 dispo-

248 2361 328 2398 sitio,
345 2360 433 2391 simul
451 2368 480 2390 et
496 2361 609 2390 motio:
627 2373 697 2402 quae
714 2372 773 2390 non
790 2360 876 2390 aliter
889 2359 962 2390 effici
977 2366 1088 2401 potest,

248 2415 342 2446 quam
357 2415 375 2433 a
390 2403 549 2433 seminaria
565 2403 710 2444 vitalique
726 2403 841 2433 ratione
863 2402 976 2433 divinae
994 2402 1086 2444 spira-

248 2446 317 2477 culo
333 2445 458 2476 mentis:
483 2446 744 2486 quemadmodum
769 2454 795 2475 et
820 2446 849 2475 in
874 2445 996 2475 animali
1014 2456 1031 2475 a
1050 2444 1087 2474 si-

248 2489 311 2520 mili
334 2488 467 2531 quadam
491 2488 607 2518 ratione
625 2496 743 2518 natura¹
767 2499 826 2517 nou
849 2487 1006 2529 superiora
1022 2496 1087 2517 tan-

249 2541 315 2563 tum
340 2531 513 2572 mediaque,
537 2530 589 2560 sed
610 2530 700 2560 etiam
722 2530 824 2559 intima
848 2530 983 2559 membra
1011 2530 1087 2560 fiunt

249 2583 342 2617 atque
357 2583 517 2616 reguntur.
534 2613 537 2615 ‚

253 2628 403 2664 Respondet
425 2626 633 2653 dubitationibus
658 2625 844 2660 superioribus:
870 2628 894 2651 et
921 2626 1008 2659 tangit
1034 2627 1088 2659 opi-

573 2675 662 2692 HIOHCS
677 2675 765 2691 Horas,

292 2706 389 2736 VIII.
408 2704 662 2736 Dubitationibus
675 2715 886 2745 responsurus,
899 2714 935 2733 ne
951 2702 1020 2743 quis
1036 2702 1089 2732 mi-

690 155 1117 198 ARGUMENTUM
1147 155 1378 196 MARSIL.
1408 154 1512 195 FIC.

1118 261 1214 292 retur,
1231 264 1292 285 non
1308 264 1372 284 esse
1386 252 1466 283 inter
1479 263 1535 283 nos
1548 252 1580 282 in
1596 251 1684 283 terris
1698 250 1847 288 ordinem,
1859 250 1959 292 qualis

1118 297 1148 327 in
1165 296 1302 334 summis,
1315 295 1586 333 absolutissimum,
1603 294 1656 332 ait,
1671 305 1769 336 genus
1789 293 1958 324 humanum

1118 351 1180 370 non
1195 350 1351 370 summum
1367 338 1544 369 animalium
1559 349 1634 375 esse,
1651 337 1704 368 sed
1726 336 1863 367 medium
1881 336 1961 366 inter

1120 382 1210 413 bruta
1225 383 1382 424 Deosque,
1398 381 1430 412 id
1443 389 1498 419 est,
1515 381 1680 418 daemones,
1696 380 1827 422 ideoque
1841 390 1958 410 errare:

1120 425 1261 467 quamvis
1282 425 1341 456 hoc
1362 425 1464 466 ipsum
1487 424 1524 454 ad
1549 423 1688 454 ordinem
1715 421 1847 453 universi
1869 421 1962 464 perti-

1120 477 1201 505 neat,
1219 477 1252 498 ut
1268 475 1379 498 natura
1393 467 1494 497 media
1508 467 1664 508 utrimque
1676 465 1776 503 mista,
1792 473 1823 496 et
1842 464 1963 496 mobilis

1120 522 1176 552 per
1185 522 1216 541 se
1228 510 1326 552 ipsam
1337 517 1436 540 servet
1444 509 1610 551 aliquando
1620 509 1766 545 medium,
1778 516 1844 539 tum
1855 507 1963 538 utrim-

1121 564 1182 594 que
1197 553 1236 583 ad
1252 560 1389 583 extrema
1404 563 1435 582 se
1450 560 1559 583 vertat.
1607 553 1695 582 Inter
1714 551 1790 588 haec,
1806 558 1842 582 ut
1862 550 1963 592 expri-

1120 603 1217 625 meret
1238 606 1341 625 rerum
1363 602 1536 624 nostrarum
1558 594 1770 636 exiguitatem,
1786 593 1829 624 ait
1851 601 1962 624 terram

1120 637 1160 668 ad
1177 637 1354 668 universum
1369 648 1433 667 esse
1448 636 1535 678 quasi
1550 644 1713 679 punctum,
1724 636 1771 667 vel
1787 636 1875 678 quasi
1891 635 1961 667 stel-

1120 679 1180 710 lam
1197 679 1351 722 quandam
1365 679 1522 710 minimam
1537 679 1736 721 reliquarum.
1781 680 1876 710 Forte
1891 690 1963 709 vero

1122 723 1221 764 tangit
1232 722 1280 753 hic
1291 722 1559 764 Pythagoreorum
1570 721 1766 764 quorundam
1776 721 1963 763 opinionem,

1122 765 1311 807 putantium,
1328 772 1418 796 terrae
1441 765 1569 807 globum
1590 764 1811 796 circumfusum
1832 775 1924 806 aqua,
1940 764 1965 794 si

1123 808 1328 881 prospiciatur
1352 820 1389 839 ex
1419 808 1567 850 ampliore
1592 808 1680 846 coelo,
1703 818 1852 849 apparere
1876 807 1964 848 quasi

1136 862 1228 881 unam
1258 851 1328 881 solis
1357 850 1450 881 radiis
1479 851 1689 881 verberatam:
1714 862 1797 892 quae,
1824 849 1966 892 quamvis

1124 894 1219 925 stella>
1234 893 1326 924 modo
1346 894 1490 925 continue
1508 901 1680 931 moveatur,
1697 904 1757 923 non
1777 892 1965 935 deprehendi

1125 944 1225 967 tamen
1243 949 1261 967 a
1275 936 1380 967 nobis:
1405 937 1552 978 quoniam
1568 936 1658 967 simul
1681 944 1842 967 moveatur
1861 944 1891 966 et
1909 947 1967 966 cae—

1125 979 1200 1017 lum,
1216 987 1246 1011 et
1262 979 1361 1010 sidera
1376 987 1607 1021 consequenter.
1652 979 1702 1010 Sic
1723 991 1797 1021 ergo
1817 979 1848 1009 in
1864 978 1965 1020 quali·

1126 1023 1177 1053 bet
1200 1022 1288 1053 stella
1309 1034 1373 1053 esse
1393 1022 1509 1064 aliquid
1532 1022 1630 1060 solidi,
1651 1033 1837 1063 rursumque
1857 1021 1966 1063 liquidi

1123 1066 1348 1108 perspicuique,
1374 1065 1450 1096 sicut
1477 1065 1507 1095 in
1531 1064 1617 1095 stella
1635 1072 1764 1102 terrena,
1788 1072 1819 1095 et
1839 1064 1966 1095 forsitan

1124 1109 1199 1139 fusci
1217 1109 1365 1145 nonnihil,
1382 1109 1461 1139 sicut
1478 1108 1507 1138 in
1523 1108 1606 1146 luna,
1624 1107 1674 1138 sed
1691 1120 1707 1138 e
1722 1107 1892 1149 longinquo
1912 1107 1967 1137 mi-

1123 1151 1204 1182 nime
1227 1163 1393 1225 apparere:
1419 1159 1518 1182 totum
1536 1162 1609 1181 vero
1632 1150 1764 1192 spatium
1788 1161 1852 1180 esse
1871 1149 1967 1181 simile

1126 1195 1198 1231 aeri,
1229 1207 1250 1236 g
1263 1195 1420 1236 obumque
1450 1194 1588 1236 undique
1619 1205 1726 1230 unum,
1758 1192 1851 1223 stellis
1879 1193 1966 1235 qnasi

1127 1238 1250 1268 mundis
1267 1237 1382 1279 ubique
1398 1237 1562 1267 refertum:
1582 1236 1697 1267 moveri
1713 1235 1814 1266 stellas
1828 1247 1968 1278 progres-

1127 1280 1210 1311 sione
1239 1281 1372 1323 propria,
1400 1280 1499 1322 qualis
1528 1279 1678 1321 ejusmodi
1703 1278 1845 1310 animalia
1870 1279 1968 1316 decet,

1127 1323 1293 1365 plenasque
1311 1323 1536 1354 habitatoribus
1551 1334 1625 1361 esse,
1641 1322 1718 1353 sicut
1737 1321 1823 1352 stella
1838 1329 1968 1360 terrena,

1126 1366 1199 1397 alias
1215 1375 1315 1397 tamen
1331 1366 1396 1397 aliis
1410 1365 1636 1408 praestantiores
1650 1377 1724 1401 esse,
1735 1373 1764 1396 ct
1780 1365 1970 1407 praestantio-

1127 1410 1212 1440 ribus
1227 1409 1367 1441 habitari.
1413 1411 1487 1440 Post
1503 1410 1569 1439 liaec
1581 1408 1756 1439 observabis
1768 1419 1883 1438 novum
1898 1407 1970 1439 Plo-

1127 1453 1182 1485 tini
1206 1464 1396 1495 responsum,
1418 1464 1478 1483 non
1499 1464 1563 1483 esse
1583 1451 1613 1482 in
1637 1451 1724 1482 bonis
1744 1451 1837 1481 animi
1860 1462 1969 1481 nume-

1128 1496 1224 1527 randa
1247 1496 1320 1533 sola,
1339 1507 1410 1537 quae
1433 1495 1472 1526 ad
1495 1494 1781 1537 contemplationem
1802 1502 1833 1525 et
1855 1501 1970 1536 tempe-

1129 1539 1257 1570 rantiam
1274 1546 1303 1569 et
1316 1538 1467 1581 justitiam
1484 1538 1649 1580 pertinent,
1663 1537 1715 1567 scd
1731 1537 1833 1574 etiam,
1846 1548 1916 1579 quae
1929 1536 1969 1567 ad

1129 1594 1249 1613 omnem
1266 1582 1405 1624 peritiam
1424 1581 1545 1622 ingenio
1560 1589 1590 1611 et
1606 1580 1840 1618 consuetudine,
1852 1587 1882 1610 et
1896 1579 1970 1610 dex-

1128 1626 1247 1657 teritate
1276 1633 1476 1656 constantem.
1534 1625 1658 1665 Itaque,
1689 1623 1741 1665 qui
1772 1623 1829 1653 boc
1859 1633 1970 1664 genere

1127 1669 1198 1699 boni
1215 1668 1440 1710 prwstantiores
1460 1676 1542 1704 sunt,
1562 1667 1682 1708 justum
1707 1674 1751 1696 est
1775 1666 1804 1696 in
1829 1665 1882 1702 eis,
1898 1677 1969 1707 quae

1129 1712 1185 1742 boc
1206 1711 1329 1754 proprie
1352 1718 1580 1752 comparantur,
1598 1720 1741 1751 superare
1761 1708 1835 1739 alios
1859 1708 1890 1738 in
1913 1709 1969 1739 lioc

1129 1756 1195 1797 ipso
1210 1755 1376 1790 inferiores,
1389 1762 1481 1795 atque
1497 1753 1568 1784 inde
1582 1753 1652 1794 plus
1666 1751 1783 1793 aliquid
1796 1759 1967 1793 reportare:

1129 1807 1222 1840 atque
1238 1797 1378 1833 vicissim,
1396 1797 1449 1838 qui
1470 1795 1736 1837 contemplatione,
1758 1794 1969 1836 temperantia,

1124 1841 1246 1883 justitia
1270 1841 1317 1871 liis
1338 1839 1562 1882 praestantiores
1584 1846 1667 1874 sunt,
1688 1848 1811 1879 mquum
1837 1845 1892 1874 est,
1916 1837 1971 1867 hos

1129 1884 1266 1914 similiter
1282 1884 1311 1914 in
1328 1882 1519 1924 reportandis
1536 1881 1668 1924 propm'is
1683 1880 1789 1910 virtuti
1810 1891 1873 1910 suae
1894 1891 1971 1922 prae-

1129 1927 1195 1957 miis
1211 1938 1365 1968 superare.
1412 1926 1534 1955 Horum
1552 1924 1678 1967 quidem
1693 1923 1820 1965 praemia
1835 1931 1907 1953 suut
1927 1922 1971 1953 di-

1129 1971 1209 2007 vina,
1231 1970 1351 2000 illorum
1378 1980 1449 1999 vero
1469 1969 1596 1999 caduca.
1641 1968 1662 1997 J
1668 1975 1733 1997 uste
1751 1977 1821 1996 vero
1844 1966 1972 2008 punitur

1129 2014 1253 2049 interea,
1273 2020 1303 2043 et
1323 2012 1445 2042 illorum
1467 2011 1623 2041 effraenata
1639 2009 1790 2046 voluntas,
1807 2016 1838 2039 et
1861 2009 1971 2039 horum

1129 2056 1256 2087 ociosior
1272 2055 1334 2085 vita
1349 2054 1460 2096 szepius
1476 2052 1642 2084 necessaria
1662 2052 1830 2094 negligens.
1876 2051 1972 2082 Deni-

1131 2111 1191 2141 que
1212 2110 1272 2129 non
1294 2110 1381 2139 posse
1404 2109 1458 2139 per
1482 2098 1547 2127 haec
1568 2105 1598 2127 et
1623 2095 1729 2126 similia
1753 2095 1792 2125 ad
1817 2105 1971 2125 summurn

1132 2141 1352 2184 providentiam
1366 2140 1581 2182 justitiamque
1596 2138 1731 2175 defendi,
1745 2138 1767 2167 si
1785 2137 1877 2168 solam
1894 2148 1972 2180 prae-

1131 2193 1245 2216 sentem
1270 2184 1347 2214 lianc
1373 2194 1500 2223 agamus
1520 2184 1634 2213 vitam:
1660 2192 1759 2223 neque
1780 2180 1809 2210 in
1832 2180 1902 2218 alia,
1925 2179 1971 2210 vel

1132 2240 1169 2259 ex
1189 2227 1247 2258 alia
1263 2227 1336 2264 vita,
1354 2226 1399 2256 vel
1423 2226 1506 2262 alibi,
1523 2238 1594 2267 quae
1617 2225 1664 2255 hic
1680 2226 1868 2265 frequenter,
1889 2231 1917 2254 et
1941 2223 1971 2253 in

1132 2270 1294 2313 praesentia
1316 2269 1453 2311 praeniio,
1467 2269 1515 2299 vel
1536 2267 1686 2311 supplicio
1708 2267 1830 2304 desunt,
1852 2265 1973 2297 valeant

1133 2313 1332 2355 compensari.

1132 2402 1210 2432 Quod
1223 2401 1343 2436 pumma
1359 2400 1448 2425 dit-ina
1466 2400 1491 2425 in
1504 2399 1608 2431 czgendo
1623 2406 1674 2424 non
1687 2396 1821 2432 prohibet,
1839 2397 1900 2432 quin
1921 2403 1970 2421 ειε-

1242 2445 1299 2467 tera
1316 2441 1423 2475 insuper
1437 2443 1530 2470 agant,
1546 2439 1693 2474 praesertim
1711 2437 1866 2463 rationalia.

1177 2489 1243 2518 IX.
1268 2487 1407 2527 Fingunt
1431 2485 1524 2527 aliqui
1542 2496 1648 2515 omnes
1662 2484 1798 2521 effectus,
1814 2494 1832 2513 a
1847 2481 1972 2523 quibus-

1132 2542 1255 2572 cunque
1270 2530 1361 2560 rebus
1376 2528 1452 2559 effici
1466 2528 1637 2564 videantur,
1652 2527 1714 2557 sive
1729 2523 1898 2556 inanimatis
1909 2522 1971 2569 sixse

1133 2573 1274 2605 animatis
1296 2579 1389 2614 atque
1415 2571 1626 2607 rationalibus,
1648 2582 1666 2600 a
1694 2580 1784 2599 causa
1807 2566 1904 2608 prima
1930 2576 1971 2611 sic

1133 2616 1285 2658 usurpari,
1308 2623 1341 2645 ut
1365 2615 1421 2645 hac
1443 2614 1597 2644 duntaxat
1619 2619 1727 2654 agente
1750 2611 1833 2645 fiant,
1856 2615 1972 2638 caeteris

1134 2658 1325 2689 solummodo
1347 2657 1545 2699 patientibus,
1570 2667 1624 2686 nec
1650 2653 1711 2684 ulla
1738 2650 1903 2682 intercedat
1926 2661 1971 2680 re—

1134 2713 1201 2731 rum
1222 2701 1301 2732 actio
1316 2700 1449 2742 propria.
1483 2699 1531 2730 Sic
1547 2709 1620 2739 ergo
1635 2694 1760 2727 sublatis
1774 2703 1874 2724 rerum
1898 2703 1970 2734 pro-
