2201 2990
292 172 370 210 524

293 267 404 291 amore,
428 265 489 285 non
512 254 584 296 quia
605 254 676 285 inde
698 255 862 285 sortiantur
884 254 1055 291 essentiam,
1071 253 1123 284 sed

293 298 437 340 quoniam
453 297 634 328 admotionis
655 297 736 328 illius
758 297 884 328 exordia
898 297 985 339 quasi
1001 297 1124 328 concin-

294 341 374 371 endo
396 341 542 371 motiones
564 341 702 382 proprias
724 340 898 378 ordiuntur,
914 351 1030 382 perque
1052 351 1124 382 pro-

295 383 376 426 prios
391 384 465 414 fines
479 383 518 414 ad
533 384 624 414 finem
640 383 772 425 denique
787 391 949 414 moventur
963 382 1051 413 illius.

588 469 633 495 De
649 468 828 495 Doemonibus.

339 517 378 546 V.
403 516 552 557 Oportere
567 527 639 545 vero
653 515 807 545 daemones
829 525 891 544 esse
914 512 1029 543 medios
1050 513 1128 542 inter

296 558 397 590 stellas
411 566 441 589 et
458 558 603 595 homiues,
617 558 645 588 in
660 557 830 598 Theologia
846 555 917 586 satis
928 555 1126 592 ostendimus,

298 609 332 632 ut
349 601 467 643 sphaera
482 601 625 642 quaelibet
650 612 742 641 supra
766 611 819 629 nos
844 599 899 628 hac
922 604 1025 628 nostra
1046 609 1126 639 prae-

297 644 424 675 stantior
439 644 589 685 longeque
612 643 739 684 amplior
763 641 922 671 rationales
945 639 1128 670 habitatores

297 687 429 718 habebat
451 698 514 717 {su-ce
538 686 666 728 sphaerae
687 685 867 720 conformes,
886 683 963 713 sicut
986 682 1077 713 habet
1099 691 1129 713 et

297 736 409 760 nostra.
456 730 537 759 Nam
563 736 593 759 et
619 728 707 769 ignea
734 726 875 768 quaedam
903 725 1044 755 animalia
1066 737 1128 755 esse

297 772 475 814 comprobat
490 771 643 813 Apuleius
665 771 721 800 hoc
739 768 914 799 Aristotelis
937 767 1126 798 testimonio:

298 816 337 846 In
353 815 526 845 fornacibus
541 812 718 844 ardentibus
736 812 878 853 quaedam
901 810 1042 841 animalia
1061 822 1130 852 pro-

298 858 364 900 pria
379 859 442 888 visa
457 864 527 887 sunt
543 856 667 886 volitare
682 854 824 896 pennulis
846 861 928 896 apta,
944 865 1014 895 quae
1031 860 1129 883 totum

298 912 396 931 aevum
422 911 509 931 suum
533 899 725 929 diversantur
740 897 769 927 in
786 897 873 937 igne:
898 908 967 927 cum
983 907 1019 926 eo
1034 896 1131 926 exori-

299 951 404 981 untur,
425 954 494 973 cum
517 954 552 972 eo
575 940 687 982 pariter
709 940 941 981 extinguuntur.
989 939 1131 969 Profecto

298 986 380 1028 quod
404 986 535 1027 primum
556 985 594 1014 ab
610 984 675 1025 ipsa
690 983 808 1013 vivifica
831 982 1010 1018 substantia,
1026 981 1057 1011 id
1074 990 1128 1018 est,

297 1029 397 1059 anima
412 1028 503 1057 vitam
527 1027 646 1068 accipit,
663 1026 744 1056 solus
767 1034 811 1056 est
834 1025 920 1066 ignis.
968 1026 1025 1055 Est
1049 1025 1129 1055 enim

298 1072 375 1113 ignis
390 1071 466 1100 inter
478 1081 605 1110 corpora
620 1070 778 1110 proximus
794 1068 911 1106 animae,
924 1068 1066 1110 quoniam
1080 1079 1129 1097 ex-

297 1113 535 1149 cellentissimus,
546 1112 778 1149 efficacissimus,
791 1111 1015 1141 mobilissimos.
1047 1110 1130 1140 Hinc

298 1156 436 1193 efficitur,
463 1163 495 1186 ut
522 1156 642 1185 fovente
666 1155 763 1185 calore
788 1154 907 1195 singula
931 1154 1044 1189 vivant,
1070 1165 1130 1183 non

299 1200 419 1230 fovente
437 1210 494 1229 non
513 1199 624 1228 vivant.
659 1198 800 1228 Secundo
817 1209 870 1239 per
886 1198 986 1239 ignem
1002 1201 1053 1226 aer
1068 1196 1131 1237 igni

299 1242 456 1284 proximus
471 1242 563 1271 vitam
589 1241 687 1271 sortiri
703 1240 834 1277 videtur,
852 1248 879 1270 et
903 1239 1051 1281 pabulum
1069 1251 1131 1269 esse

299 1285 404 1315 caloris
418 1297 423 1314 :
450 1296 502 1326 per
519 1284 582 1314 hwc
598 1284 661 1314 duo
676 1283 805 1313 subinde
828 1282 947 1313 subtilis
962 1294 1043 1324 aqua
1058 1282 1130 1312 vici-

300 1328 366 1358 nior
390 1327 469 1358 a'eri:
495 1339 548 1369 per
573 1327 649 1357 hanc
673 1326 808 1357 similiter
832 1334 912 1356 terra
934 1325 1062 1364 subtilis,
1080 1336 1132 1367 per

301 1371 365 1401 haec
381 1378 514 1412 quatuor
530 1370 655 1400 invicem
672 1375 866 1410 congregata,
880 1380 990 1410 corpus
1005 1380 1041 1398 ex
1059 1380 1133 1409 qua-

301 1421 371 1444 tuor
383 1425 442 1443 non
455 1414 518 1455 jam
534 1413 709 1454 vaporibus,
723 1412 774 1442 scd
792 1412 922 1442 materiis
938 1411 1133 1441 crassioribus

301 1456 501 1498 compositum
517 1463 609 1497 atque
626 1455 765 1486 solidum.
793 1455 877 1485 Licet
891 1462 991 1485 autem
1007 1453 1131 1495 ubique,

301 1500 384 1541 quod
402 1499 486 1541 prius
502 1507 546 1529 cst
561 1507 653 1540 atque
669 1498 845 1539 simplicius,
861 1510 878 1527 a
894 1505 1038 1539 sequente
1053 1509 1133 1527 com-

302 1543 462 1585 positoque
486 1541 642 1572 resolvere.
690 1543 768 1571 Sunt
785 1541 878 1580 igitur
893 1540 1066 1570 animalium
1084 1552 1132 1570 ra-

303 1585 459 1616 tionalium
476 1585 612 1626 ‹luinquc
627 1596 756 1626 genera:
784 1584 887 1614 Prima
902 1591 983 1620 sunt,
1000 1595 1131 1625 quorum

301 1640 428 1670 corpora
444 1628 525 1658 solus
540 1636 584 1658 est
600 1628 694 1668 ignis:
718 1639 751 1657 ac
768 1627 789 1657 si
808 1626 931 1657 visibilis
946 1627 1024 1667 ignis
1040 1626 1133 1656 stcllae

305 1679 387 1708 sunt,
404 1683 480 1713 quos
495 1671 611 1712 antiqui
631 1672 712 1701 Deos
728 1670 900 1700 nominant:
927 1670 949 1699 si
965 1669 1133 1705 invisibilis,

303 1715 456 1745 daemones
474 1714 618 1756 Orpheus
641 1714 744 1754 igneos
769 1713 812 1743 vel
836 1713 968 1743 czelcstes
989 1712 1133 1754 appellat,

302 1758 355 1799 qui
378 1757 408 1787 in
432 1757 621 1799 planetarum
638 1757 756 1787 circulis
772 1756 925 1786 stellarum
943 1756 1036 1786 vicem
1055 1763 1136 1785 tenc-

303 1808 355 1831 ant
372 1801 428 1830 sub
442 1800 562 1842 plancta
577 1800 664 1830 (luce.
713 1800 782 1829 Non
798 1799 876 1829 enim
894 1799 977 1829 decet
995 1798 1033 1828 ab
1049 1798 1136 1828 innu-

304 1843 393 1874 meris
416 1843 607 1879 animalibus,
623 1855 693 1884 quie
715 1850 785 1873 sunt
802 1842 831 1872 in
849 1843 1048 1877 firmamento,
1065 1853 1134 1871 mox

304 1886 343 1917 ad
361 1886 482 1916 unicum
503 1886 580 1916 infra
597 1885 788 1916 descendere.
835 1884 986 1921 Secunda,
1004 1896 1135 1925 quorum

305 1941 432 1971 corpora
457 1937 528 1959 sunt
552 1929 629 1970 ignis
655 1937 685 1959 ct
710 1933 761 1958 a‘er
784 1928 898 1970 optime
924 1927 1056 1957 mixtus:
1083 1927 1137 1956 hos

305 1972 458 2002 daemones
470 1972 548 2002 idem
567 1971 706 2002 :etherios
718 1971 763 2002 vel
781 1971 876 2002 aerios
889 1971 1031 2000 nominat.
1058 1972 1136 2000 Sunt

306 2022 336 2045 et
351 2015 489 2045 animalia
502 2015 598 2051 tertia,
612 2014 641 2044 in
655 2014 767 2056 quibus
783 2014 860 2055 ignis
875 2022 902 2044 et
920 2017 970 2043 a'er
982 2024 1050 2043 cum
1068 2013 1137 2043 sub-

307 2058 350 2088 tili
363 2058 495 2099 quadam
511 2070 591 2099 aqua
603 2058 805 2099 componitur,
819 2069 895 2099 quos
908 2056 1061 2086 ‹lzeinones
1073 2056 1135 2096 jam

307 2101 440 2131 nominat
463 2113 585 2142 aqueos,
603 2101 656 2142 qui
672 2101 857 2142 quandoque
880 2099 971 2141 paulo
986 2099 1138 2129 densiores

308 2143 390 2179 facti,
407 2144 497 2185 aspici
513 2144 636 2185 possint.
682 2144 792 2185 Neque
807 2143 916 2173 desunt
932 2149 1052 2184 quarta,
1068 2154 1137 2183 qua·

310 2186 475 2226 tribusjam
490 2187 577 2217 dictis
588 2186 728 2217 subtilem
743 2186 907 2217 adhibeant
919 2193 1040 2221 terram,
1052 2184 1138 2226 quasi

310 2228 461 2270 quendam
478 2237 566 2259 terra¹
582 2241 733 2271 vaporem.
774 2229 816 2259 Hi
833 2229 871 2259 ab
888 2228 1013 2270 Orpheo
1029 2227 1138 2258 terreni

311 2272 463 2301 daemones
487 2272 697 2313 appellantur:
727 2272 778 2314 qui
803 2278 831 2302 et
857 2271 1022 2313 aliquando
1048 2270 1140 2312 paulo

312 2314 437 2345 ulterius
452 2315 625 2345 condensati
641 2315 729 2345 etiam
746 2315 863 2345 valcant
878 2314 1038 2345 attrectari.
1072 2315 1140 2343 Hos

311 2357 400 2387 etiam
425 2366 580 2398 nuncupat
604 2358 826 2394 subterraneos,
842 2358 982 2399 quotiens
1001 2356 1140 2386 videlicet

311 2400 442 2430 subeunt
459 2407 545 2429 terra·
561 2412 711 2430 cavernas.
752 2401 866 2438 Quinta
882 2409 952 2430 sunt
968 2399 1138 2435 hominum,

311 2443 397 2485 quasi
420 2442 592 2472 intimorum
616 2442 801 2479 daemonum,
818 2455 954 2485 corpora,
974 2443 1004 2472 in
1028 2442 1140 2483 quibus

314 2492 425 2528 praeter
443 2484 638 2515 da=monicam
662 2485 743 2515 illam
766 2497 802 2515 ex
826 2494 957 2526 quatuor
980 2485 1142 2515 subtilibus

313 2529 488 2563 mixturam,
511 2539 572 2568 qua
597 2527 748 2557 da‘mones
772 2539 885 2564 sumus,
907 2540 976 2568 quae
1000 2528 1030 2558 in
1055 2527 1141 2557 nobis

313 2571 436 2614 spiritus
461 2577 515 2606 est,
543 2570 702 2611 primoque
729 2570 801 2600 vivit
828 2578 857 2599 et
884 2571 983 2605 sentit,
1007 2570 1141 2600 mixtura

314 2614 488 2645 solidiorum
512 2620 556 2643 est
578 2612 731 2654 adjuncta.
779 2612 924 2654 Spiritum
950 2624 1021 2642 vero
1044 2612 1142 2653 primo

313 2658 413 2688 vivere
429 2664 521 2697 atque
537 2655 645 2686 sentire
661 2663 743 2697 patet
758 2667 795 2685 ex
813 2666 858 2691 en,
874 2655 957 2696 quod
981 2662 1110 2684 retracto
1125 2666 1142 2684 a

313 2699 456 2731 membris
478 2698 596 2740 spiritu,
613 2710 683 2729 mox
707 2710 810 2729 sensus
833 2706 860 2728 et
885 2706 985 2728 motus
1008 2697 1143 2727 membra

734 155 1158 197 ARGUMENTUM
1190 156 1423 197 MARSIL.
1446 156 1550 196 FIC.

1168 254 1290 291 deserit,
1306 254 1437 296 ideoque
1452 261 1482 285 et
1497 254 1569 285 vita.
1615 255 1696 285 Curn
1712 265 1794 291 vero,
1809 254 1892 295 quod
1915 254 2000 296 prius

1168 297 1388 339 cognatiusque
1410 297 1569 339 accipitur,
1584 297 1701 327 firmius
1723 303 1873 335 teneatur,
1892 297 2001 338 proba-

1168 340 1228 371 bile
1239 340 1371 376 videtur‚
1383 340 1498 370 animas
1509 340 1657 381 ejusmodi
1673 340 1839 381 posteriora
1850 339 2001 381 gradatim

1169 383 1320 414 dimittere
1342 394 1480 425 corpora,
1500 382 1651 424 prioribus
1673 383 1792 413 interim
1816 382 1931 413 diutius
1953 394 2000 413 re-

1169 426 1311 457 servatis:
1337 433 1381 463 ut,
1398 437 1468 467 quae
1483 425 1609 456 fuerunt
1624 425 1654 455 in
1670 437 1795 467 corpore
1817 425 1923 463 solido,
1936 425 2003 456 diu-

1171 469 1231 499 tius
1253 477 1358 510 postea
1378 469 1437 499 sint
1452 468 1481 498 in
1499 468 1593 505 tenui,
1608 468 1640 498 in
1656 479 1717 509 quo
1732 468 1846 510 pariter
1859 475 1955 505 erant,
1972 474 2003 498 et

1170 511 1200 541 in
1223 523 1285 553 quo
1308 511 1497 553 potissimum
1522 511 1700 547 sentiebant,
1720 511 1803 552 quod
1826 518 1856 541 et
1878 521 2004 552 propter

1170 554 1380 595 cognationem
1393 554 1480 585 facile
1496 554 1576 584 cedit
1590 553 1699 584 anima¹
1711 553 1909 584 connectenti.
1934 554 2004 590 Quo

1171 608 1243 626 vero
1258 597 1417 627 sublimius
1440 596 1666 638 simpliciusque
1688 607 1799 637 corpus
1818 604 1873 632 est,
1890 608 1926 626 eo
1942 603 2002 626 tar-

1171 638 1241 669 dius
1257 640 1378 670 videtur
1393 640 1432 670 ab
1447 640 1547 670 anima
1567 638 1779 675 deserendum,
1796 638 1912 669 caeleste
1931 650 2003 669 vero

1172 693 1339 723 nunquam.
1387 683 1425 713 In
1442 682 1523 713 omni
1540 682 1687 723 siquidem
1704 693 1826 721 genere,
1842 681 1925 722 quod
1941 681 2002 723 pri—

1172 735 1222 754 mo
1236 725 1271 755 fit
1286 725 1446 767 particeps,
1463 737 1581 767 semper
1596 732 1639 755 est
1656 724 1814 766 particeps
1838 725 1882 754 Et
1898 724 2005 754 merito

1172 767 1234 796 vita
1259 768 1442 809 sempiterna
1464 768 1516 798 ubi
1540 767 1629 798 semel
1655 767 1871 809 sempiternum
1895 778 2006 808 corpus

1172 809 1238 850 ipso
1254 821 1309 840 suo
1324 822 1386 841 esse
1400 811 1577 841 naturaliter
1596 810 1752 846 animavit,
1770 820 1927 851 nunquam
1949 809 2003 840 de-

1174 852 1243 882 sinit
1265 852 1408 883 animare.
1454 853 1531 883 Solis
1552 853 1647 895 igitur
1665 853 1822 883 hominum
1845 852 2005 883 animabus

1174 894 1413 937 inferiorumque
1428 895 1602 926 daemonum
1618 897 1723 926 datum
1740 903 1795 932 est,
1812 906 1939 937 corpora
1955 906 2006 925 ca-

1173 937 1253 968 duca
1268 945 1396 974 mutare,
1413 938 1485 979 quia
1500 939 1665 980 composita
1681 946 1749 968 sunt
1767 950 1804 968 ex
1819 938 1958 974 dissonis,
1974 945 2005 968 et

1174 980 1242 1010 ideo
1258 980 1408 1017 solubilia,
1422 988 1486 1011 tum
1504 981 1647 1022 quoniam
1662 989 1787 1023 propter
1802 992 1913 1023 corpus
1928 981 2007 1022 ejus-

1174 1023 1255 1053 modi
1272 1030 1301 1053 et
1317 1023 1415 1054 locum
1433 1030 1461 1053 et
1485 1023 1683 1053 ministerium
1702 1036 1719 1054 a
1734 1023 1922 1054 beatitudine
1944 1023 2005 1054 dis-

1174 1066 1347 1096 trahuntur.
1381 1066 1475 1096 Nefas
1490 1074 1591 1096 autem
1608 1073 1652 1096 est
1666 1066 1780 1096 animas
1793 1066 1952 1097 rationales
1967 1065 2007 1096 ad

1173 1109 1457 1151 contemplationem
1475 1108 1644 1139 absolutam
1661 1108 1838 1139 naturaliter
1853 1109 2007 1140 institutas

1174 1152 1290 1182 diutius
1305 1152 1355 1182 illa
1369 1163 1480 1182 carere.
1526 1151 1658 1189 Quando
1673 1151 1766 1192 igitur
1781 1152 1819 1181 ad
1835 1152 1925 1182 finem
1941 1163 2008 1194 per-

1175 1195 1311 1231 veniunt,
1326 1195 1356 1225 in
1380 1195 1504 1225 astherio
1520 1202 1549 1225 et
1564 1194 1674 1225 caelesti
1696 1206 1821 1236 corpore
1844 1195 1940 1225 multa
1962 1206 2007 1225 se-

1174 1238 1243 1268 cula
1258 1238 1375 1268 vivunt.
1402 1237 1492 1275 Quod
1509 1238 1587 1268 enim
1605 1244 1649 1267 est
1664 1249 1700 1267 ex
1717 1237 1882 1267 intentione
1898 1237 2008 1279 specie-

1175 1292 1254 1316 rum,
1279 1292 1446 1322 earumquc
1471 1280 1610 1323 principii
1636 1280 1837 1321 potissmium,
1861 1279 1892 1310 id
1916 1291 2007 1321 quam

1176 1323 1341 1365 plurimum
1359 1330 1414 1360 cst,
1431 1331 1460 1354 et
1477 1323 1608 1354 maxime
1627 1323 1820 1353 diuturnum.
1866 1322 2010 1353 Caelestes

1175 1366 1299 1408 quidem
1323 1366 1476 1397 daemones
1502 1374 1532 1397 et
1557 1366 1697 1397 aethcrios
1723 1365 1881 1396 verisimile
1908 1373 1952 1396 est
1979 1373 2009 1396 et

1176 1410 1374 1451 sempiternos
1389 1422 1463 1446 esse,
1479 1417 1509 1440 et
1524 1409 1761 1451 perturbationis
1781 1416 1920 1450 expertes
1940 1420 2010 1450 pro-

1176 1460 1244 1494 pter
1274 1460 1391 1483 natura:
1422 1452 1642 1494 simplicitatem
1672 1452 1899 1494 puritatemque
1927 1451 1983 1482 loci
2001 1464 2007 1481 :

1176 1508 1289 1537 aqucos
1304 1504 1404 1526 autem
1419 1503 1614 1537 terrenosque
1629 1508 1692 1525 csse
1704 1494 1829 1536 quidem
1845 1494 2009 1536 longaevos,

1177 1550 1236 1569 non
1253 1547 1353 1569 autem
1371 1538 1604 1575 indissolubiles,
1621 1538 1733 1568 habere
1754 1545 1783 1568 et
1803 1537 2008 1580 perturbatio-

1178 1593 1229 1611 ncs
1251 1582 1341 1612 animi
1368 1583 1463 1612 serme
1487 1581 1571 1619 tales,
1594 1581 1699 1622 quales
1723 1588 1752 1611 et
1776 1592 1831 1611 nos
1853 1580 2011 1611 habemus.

1178 1625 1323 1655 Yicinitas
1338 1624 1416 1654 enim
1435 1625 1564 1665 regionis
1579 1632 1671 1666 atquc
1686 1630 1804 1654 naturae
1825 1634 1944 1653 morum
1964 1622 2010 1653 af-

1178 1668 1236 1698 fert
1252 1667 1489 1698 similitudinem.
1522 1669 1550 1698 E
1568 1667 1689 1697 duobus
1707 1666 1811 1708 primis
1826 1666 1900 1696 nihil
1916 1665 2011 1696 effluit

1178 1722 1332 1752 unquam:
1365 1722 1459 1752 quare
1485 1722 1538 1741 nec
1565 1722 1643 1752 opus
1668 1717 1712 1740 est
1738 1709 1934 1744 nutrimento,
1959 1709 2011 1739 scd

1178 1754 1329 1784 duntaxat
1345 1753 1484 1784 cantibus
1500 1761 1529 1784 ct
1547 1753 1651 1794 figuris
1674 1752 1901 1793 luminibusque
1916 1751 2013 1783 delec-

1180 1805 1294 1833 tantur,
1319 1796 1534 1837 colunturque,
1561 1804 1590 1826 et
1618 1796 1659 1826 ita
1689 1795 1775 1825 nobis
1801 1794 2010 1831 conciliantur,

1180 1840 1237 1870 illis
1253 1839 1405 1882 principue
1422 1839 1620 1881 temporibus,
1637 1838 1749 1880 quibus
1770 1850 1805 1868 ea
1825 1837 1924 1868 sidera
1942 1849 2011 1879 reg-

1182 1891 1264 1920 nant,
1281 1894 1351 1924 quae
1367 1890 1396 1913 ct
1412 1882 1453 1912 illi
1470 1890 1649 1923 sequuntur.
1698 1882 1725 1911 κ’,
1741 1880 1863 1911 duobus
1885 1892 2011 1922 sequen-

1181 1926 1262 1956 tibus
1277 1937 1345 1956 cum
1363 1925 1465 1955 effluat
1480 1924 1606 1966 aliquid,
1624 1925 1791 1954 instaurare
1813 1923 2012 1954 necessarium

1180 1976 1242 1999 cst:
1268 1969 1319 1999 sed
1337 1968 1364 1998 in
1382 1968 1494 2009 quibus
1518 1967 1590 1998 nihil
1613 1975 1657 1997 est
1680 1975 1824 2002 terreum,
1844 1966 1914 1997 satis
1936 1965 2013 1997 odor

1180 2012 1252 2042 facit
1264 2011 1463 2052 conciliatque
1479 2018 1648 2041 aromatum
1666 2016 1758 2051 atquc
1770 2009 1879 2039 florum
1893 2008 2013 2039 exhala-

1181 2055 1284 2096 tioque
1307 2055 1472 2096 liquorum.
1519 2053 1668 2084 Postremi
1692 2053 1845 2083 daemones
1868 2051 2013 2082 odoribus

1181 2107 1210 2128 et
1232 2098 1395 2139 vaporibus
1418 2097 1555 2137 indigent
1578 2096 1784 2131 crassioribus,
1807 2095 1861 2136 qui
1885 2106 1921 2125 ex
1945 2105 2014 2125 san-

1181 2141 1273 2181 guine
1297 2140 1500 2181 carnibusque
1519 2139 1695 2175 mittuntur,
1714 2138 1844 2168 maxime
1866 2137 1969 2174 coctis,
1984 2145 2015 2168 et

1181 2196 1198 2214 a
1218 2184 1304 2213 nobis
1326 2183 1499 2224 assumptis.
1544 2184 1646 2219 Quare
1669 2182 1692 2211 si
1711 2180 1883 2223 Porphyrio
1905 2180 2013 2218 credis,

1182 2227 1263 2257 (lices
1278 2227 1332 2256 hos
1348 2226 1502 2256 induxisse
1526 2237 1579 2255 nos
1600 2225 1637 2255 ad
1661 2224 1802 2254 animalia
1821 2223 2012 2254 devoranda:

1184 2278 1216 2300 ut
1233 2270 1288 2311 ipsi
1305 2281 1396 2311 penes
1412 2280 1465 2298 nos
1480 2275 1573 2309 atque
1589 2280 1604 2298 e
1622 2267 1784 2297 visceribus
1806 2266 1915 2297 nostris
1937 2266 2013 2296 hau-

1184 2313 1276 2343 rirent
1293 2319 1509 2352 sugerentque,
1521 2323 1599 2352 sirpe
1612 2318 1788 2341 concoctum
1807 2309 1924 2351 sibique
1935 2319 2015 2340 com-

1184 2363 1290 2397 petens
1305 2355 1343 2385 ab
1359 2354 1540 2385 animalibus
1556 2354 1743 2383 alimentum.
1784 2354 1841 2383 Est
1856 2359 1957 2382 autem
1973 2351 2015 2381 eis

1184 2399 1273 2429 insita
1297 2399 1436 2439 quaedam
1464 2396 1637 2427 attrahendi
1663 2395 1853 2436 sugendique
1876 2394 2014 2431 facultas,

1184 2441 1282 2483 qualis
1315 2440 1458 2471 membris
1486 2440 1564 2470 inest
1593 2439 1767 2469 animalium
1803 2437 2015 2478 radicibusque

1184 2484 1369 2526 plantarum.
1417 2484 1481 2514 Nos
1503 2490 1604 2513 autem
1621 2494 1670 2512 eos
1687 2481 1737 2512 tali
1753 2480 1884 2522 quodam
1909 2479 2016 2510 nidore

1185 2527 1222 2557 ad
1246 2539 1301 2557 nos
1322 2526 1486 2557 allicimus:
1513 2525 1604 2562 unde,
1622 2533 1655 2555 ut
1677 2525 1719 2555 ait
1741 2523 1941 2564 PorphyriuS,
1964 2522 2016 2553 ho-

1185 2570 1280 2600 mines
1297 2569 1393 2599 ventri
1410 2568 1503 2599 dediti
1518 2580 1587 2598 vasa
1602 2568 1681 2598 fiunt
1696 2567 1869 2597 ‹launonum
1886 2565 2016 2595 immun-

1185 2613 1305 2643 dorum.
1330 2611 1477 2649 Quamvis
1492 2611 1570 2641 enim
1588 2611 1750 2645 daemones,
1765 2609 1786 2639 si
1803 2619 1864 2649 quo
1878 2606 2017 2649 indigent

1186 2655 1383 2692 nutrimento,
1399 2662 1433 2685 ut
1449 2654 1491 2685 ait
1508 2653 1707 2687 lamblichus,
1724 2652 1752 2682 id
1777 2651 1891 2691 absque
1914 2659 2016 2682 nostra

1186 2709 1277 2739 opera
1304 2698 1359 2727 sibi
1384 2697 1494 2740 passim
1522 2695 1718 2738 suppeditare
1745 2693 1859 2736 possint
1875 2705 1881 2722 ;
1915 2700 2015 2724 tamen
