2201 2990
345 170 395 210 52

344 254 533 296 perfectiore,
553 256 606 298 qui
629 268 746 300 semper
768 257 799 288 in
821 266 891 289 actu
914 259 962 297 sit,
980 271 1017 290 ex
1039 261 1175 301 potentia

344 297 374 327 in
401 306 503 329 actum
528 299 734 331 vicissitudine
759 309 908 343 perpetua
932 302 1012 333 duci.
1066 304 1175 344 Neque

343 340 528 372 intellectum
551 354 741 374 communem
765 352 884 374 tantum
907 353 1027 387 oportet
1049 345 1090 376 sic
1112 358 1175 376 esse

344 395 461 426 semper
485 384 515 415 in
543 393 624 424 actu,
651 386 703 416 sed
731 387 917 418 intellectum
947 388 1036 418 etiam
1066 388 1175 419 animae

342 427 519 469 proprium:
544 439 582 458 ne
603 436 721 460 naturae
744 430 880 461 rationali
904 430 981 461 desit
1002 430 1107 462 efficax
1130 431 1174 462 in-

344 469 518 512 telligentiae
537 482 600 502 suae
620 479 649 502 et
670 472 810 503 intimum
834 473 1045 515 sufficiensque
1060 474 1172 515 princi-

343 512 449 554 pium:
473 525 543 544 eum
564 525 663 556 neque
678 515 807 557 vegetali
827 523 944 546 naturae
962 515 1040 547 desit
1054 525 1175 559 vegeta-

343 555 433 586 tionis
448 567 511 587 suae
526 557 603 588 ratio
618 558 784 588 seminalis:
809 570 879 600 quae
894 558 1017 599 quidem
1031 559 1173 590 intimum

343 605 398 635 est,
422 606 453 630 et
476 599 592 637 efficax,
615 607 646 631 et
668 601 846 631 continuum
870 601 1036 642 generandi
1061 603 1173 644 princi-

342 641 439 682 pium.
478 643 563 673 Sicut
578 654 651 685 ergo
666 643 842 674 universalis
856 652 976 681 natura,
992 644 1023 674 id
1039 653 1093 682 est,
1111 653 1173 676 tota

344 684 475 715 universi
498 686 656 716 seminaria
684 686 760 716 ratio
784 694 893 728 praeest
920 687 1094 728 particulari
1123 700 1174 719 na-

344 734 431 764 turae,
456 728 487 758 id
511 737 566 765 est,
593 740 655 759 suae
681 729 830 770 cujusque
853 729 982 760 viventis
1008 731 1174 762 seminariae

343 770 462 808 rationi,
485 771 548 802 haec
571 783 643 802 vero
665 779 813 813 perpetuo
835 772 988 812 praesidet,
1009 774 1174 816 mobilique

342 814 544 854 generationis
564 814 677 844 officio:
703 815 743 844 sic
763 814 932 845 intellectus
954 817 1123 847 communis
1145 825 1174 848 et

343 867 436 897 agens
456 856 620 887 intellectui
640 857 762 898 proprio
785 869 890 887 rursus
912 859 1032 900 agenti:
1057 859 1104 890 hic
1120 872 1172 890 au-

344 906 404 929 tem
428 899 534 930 rationi
557 900 642 941 quasi
662 900 725 941 jam
750 900 896 941 patienti:
922 908 954 931 ut
981 901 1059 932 inter
1080 914 1173 943 agens

344 953 515 979 commune,
540 942 718 984 patiensque
742 943 910 984 proprium,
934 944 990 974 rite
1014 945 1172 986 proprium

343 996 435 1025 agens
451 985 583 1015 medium
597 985 749 1015 sortiatur.
781 985 864 1016 Hinc
880 986 982 1028 itaque
998 988 1043 1025 fit,
1061 995 1095 1018 ut
1111 988 1173 1018 ani-

345 1038 412 1057 mus
434 1027 473 1058 ad
496 1039 647 1057 summum
664 1028 850 1070 quandoque
865 1029 894 1059 in
911 1042 941 1060 se
957 1038 1116 1061 revocatus
1131 1031 1175 1061 in-

343 1070 444 1100 veniat
464 1071 564 1100 statim
585 1070 721 1101 nondum
742 1071 874 1108 inventa,
890 1080 919 1103 et
936 1084 1015 1114 szepe
1030 1073 1173 1104 vaticine-

344 1120 403 1150 tur,
419 1120 448 1143 et
465 1124 556 1153 opera
572 1113 714 1144 omnibus
729 1114 865 1145 miranda
882 1116 1034 1157 perficiat:
1060 1116 1174 1158 quippe

342 1167 411 1185 cum
428 1156 528 1186 subito
543 1157 573 1186 in
590 1164 719 1187 mentem
737 1157 890 1199 propriam
907 1166 1087 1195 revertatur,
1104 1171 1174 1200 qua*

341 1198 442 1228 divina
461 1198 592 1240 quadam
614 1199 727 1230 virtute
750 1200 853 1241 pollet,
868 1201 915 1231 cui
932 1201 1033 1232 onmia
1055 1211 1171 1244 patent.

344 1241 402 1271 Sed
427 1241 465 1271 de
488 1241 533 1271 liis
556 1242 585 1272 in
611 1242 782 1283 Tlieologia
805 1243 946 1274 latissime
970 1244 1170 1287 disputamus.

342 1284 394 1314 Ad
419 1284 499 1314 liune
523 1285 629 1326 utique
652 1284 849 1324 intellectum,
874 1287 957 1318 velut
984 1288 1022 1318 ad
1049 1288 1171 1319 tertium

343 1326 462 1364 scilicet,
479 1327 679 1359 intellectuale
699 1329 808 1359 melum
832 1342 923 1372 super
937 1330 1047 1361 coelum
1065 1331 1172 1372 imagi-

341 1369 417 1407 nale,
448 1379 540 1412 atque
573 1371 717 1402 rationale
749 1372 888 1403 Plotinus
917 1374 1017 1404 forsan
1047 1374 1170 1410 diecret,

343 1413 473 1443 Paulum
501 1414 685 1444 ascendisse:
710 1423 739 1445 et
766 1417 896 1457 Moysen
924 1416 952 1446 in
981 1417 1061 1447 liunc
1088 1428 1171 1447 mon-

342 1464 423 1486 tem:
457 1465 485 1486 et
512 1457 660 1498 ejusmodi
688 1458 830 1498 angelum
858 1460 1014 1501 prophetis
1041 1460 1171 1502 plurima

341 1499 512 1529 nunciasse:
542 1501 651 1541 Neque
675 1501 753 1531 enim
777 1501 882 1532 decere
905 1502 944 1532 ad
970 1514 1023 1532 nos
1047 1503 1170 1533 descen·

340 1541 410 1572 dere
426 1542 567 1573 numina:
593 1555 692 1584 neque
712 1553 831 1586 oportet
854 1545 988 1575 animum
1010 1546 1113 1576 divina
1129 1547 1171 1576 vi-

341 1596 455 1621 surum,
473 1585 537 1615 loca
554 1594 688 1617 mutare:
714 1587 784 1617 satis
800 1588 878 1618 enim
895 1601 958 1619 esse
973 1589 1010 1619 ad
1029 1598 1170 1623 mentem,

340 1635 369 1657 et
385 1628 487 1659 divina
503 1629 645 1660 converti.
694 1630 752 1660 Sed
770 1631 833 1661 lucc
849 1631 898 1662 ille
914 1632 1034 1662 viderit.

342 1716 537 1751 ‘'otili'rmanlur
550 1719 696 1752 superiora,
714 1719 783 1753 quod
804 1719 828 1744 i11
845 1720 915 1745 omni
936 1724 1021 1746 mente
1039 1720 1169 1755 sapientia

378 1756 411 1781 sil
431 1760 539 1787 (eterna,
559 1761 585 1783 et
606 1759 735 1792 quomodo
758 1760 899 1786 rationalis
920 1764 1018 1787 natura
1044 1761 1080 1786 orl
1102 1760 1171 1787 lmnc

380 1797 512 1823 ascendut.

382 1841 515 1871 Animus
531 1854 610 1884 sa‘pe
626 1842 670 1872 vel
689 1843 846 1882 intuendo,
863 1844 908 1875 vel
927 1847 1170 1885 argumentando

340 1883 436 1913 multa
450 1885 630 1921 considerat,
646 1897 705 1915 non
723 1886 819 1917 solum
833 1899 895 1917 esse
912 1888 1104 1929 sempiterna,
1118 1890 1168 1919 sed

340 1938 401 1973 qua
415 1927 503 1974 etiam
520 1928 635 1958 ratione
651 1928 708 1959 sint
725 1930 923 1971 sempiterna:
949 1931 1103 1973 ipsiusque
1120 1936 1169 1971 (ut

340 1977 380 1999 ita
396 1969 508 2010 dicam)
525 1972 770 2013 sempiternitatis
791 1973 943 2015 propriam
967 1975 1099 2017 concipit
1121 1986 1169 2005 ra-

340 2012 461 2042 tionem.
508 2014 635 2055 Majoris
658 2026 729 2045 vero
751 2016 789 2046 ad
814 2016 1083 2058 sempiternitatem
1107 2029 1170 2048 mo-

340 2055 432 2085 menti
454 2063 497 2102 est
515 2057 596 2103 'ratio
616 2057 690 2099 ipsa,
706 2070 797 2100 quam
815 2059 931 2090 modus.
979 2062 1059 2090 ('um
1077 2060 1170 2101 igitur

340 2105 479 2145 tanta-Sit
497 2108 590 2145 rirtus
612 2112 641 2147 iii
665 2101 777 2138 animo,
794 2110 827 2132 ut
850 2113 895 2132 res
917 2103 1114 2145 sempiternas
1135 2116 1169 2134 ac

339 2148 605 2182 sempiternitatem
625 2155 719 2184 ipsam
741 2145 923 2186 sempiterna
943 2146 1053 2185 cogitet
1076 2146 1168 2177 ratio-

340 2194 387 2220 ne,
404 2183 501 2214 multo
516 2185 610 2226 magis
630 2198 664 2216 ea
680 2194 724 2217 est
744 2187 772 2217 in
795 2188 896 2218 animo
913 2188 1019 2225 virtus,
1036 2201 1105 2231 quae
1122 2201 1168 2219 res

340 2226 536 2273 sempiternas
561 2228 651 2258 modo
676 2230 808 2271 quodam
837 2231 1030 2272 sempiterno,
1054 2233 1085 2262 id
1111 2241 1166 2270 est,

339 2276 520 2316 sempiterne
536 2281 712 2313 semperque
728 2273 904 2304 consideret.
946 2275 994 2305 Sic
1010 2275 1104 2315 igitur
1119 2287 1167 2306 su-

340 2323 394 2353 per
416 2313 637 2353 imaginationis
659 2324 771 2351 actum,
797 2317 848 2358 qui
875 2325 920 2347 est
946 2318 1064 2348 mobilis
1090 2318 1167 2349 circa

339 2354 471 2391 mobilia,
487 2363 570 2386 extat
586 2357 707 2388 rationis
728 2366 823 2396 actim,
840 2359 893 2401 qui
909 2368 953 2390 est
969 2361 1047 2391 circa
1063 2361 1167 2391 immo-

338 2396 410 2427 bilia
425 2397 555 2428 mobilis:
573 2410 663 2440 super
672 2400 753 2431 liunc
768 2410 854 2432 actus
869 2402 1076 2444 intelligentiae
1089 2404 1167 2435 circa

338 2439 504 2470 immobilia
519 2451 642 2482 prorsus
657 2442 833 2475 immobilis:
860 2453 893 2475 ut
910 2445 987 2476 sicut
1002 2455 1088 2477 actus
1103 2447 1167 2477 ani·

338 2493 395 2513 inae
410 2482 442 2513 in
457 2482 563 2513 melius
578 2485 707 2525 proficit,
720 2487 762 2517 sie
777 2487 951 2529 perficiatur
963 2489 992 2519 in
1005 2490 1164 2531 optimum.

338 2525 398 2555 Dic
419 2537 494 2567 age:
519 2526 670 2557 undenam
694 2529 769 2559 ratio
785 2538 886 2561 nostra
902 2531 962 2561 vim
979 2532 1106 2563 habeat:
1132 2540 1166 2562 ut

337 2567 411 2615 dum
433 2580 450 2599 a
472 2568 598 2610 singulis
622 2570 725 2601 formis
748 2572 787 2602 ad
810 2573 992 2605 universales
1014 2587 1044 2605 se
1070 2575 1165 2616 ipsam

338 2611 452 2652 reeipit.
469 2611 548 2653 ipsas
568 2611 687 2642 interim
703 2614 814 2645 forinas
833 2616 872 2646 ab
888 2616 945 2647 hoc
961 2617 1007 2648 vel
1023 2617 1075 2648 illo
1091 2617 1165 2654 loco,

339 2661 434 2692 motu,
461 2662 595 2696 tempore
621 2655 744 2686 solvat?
783 2658 837 2688 nisi
862 2658 951 2690 insita
976 2660 1108 2702 quadani
1136 2669 1166 2691 et

815 161 1238 202 ARGUMENTUM
1269 162 1497 202 MARSIL.
1528 163 1631 202 FIC.

1218 260 1399 303 praesidente
1423 259 1478 290 sibi
1500 259 1623 298 virtute,
1639 261 1729 302 eujus
1751 268 1837 291 actus
1861 272 1920 291 non
1944 273 1961 291 a
1984 262 2049 292 loco

1219 311 1349 340 tantum,
1366 302 1418 332 sed
1433 314 1451 332 a
1466 311 1550 333 motu
1567 303 1657 333 etiam
1677 311 1770 345 atque
1785 311 1921 346 ternpore
1941 304 1977 335 sit
2000 317 2047 335 so-

1218 346 1302 377 lutus
1315 348 1327 376 ?
1365 345 1514 386 Alioquin
1530 345 1595 387 ipsa
1606 346 1757 377 duntaxat
1771 346 1849 377 ratio
1864 347 1938 377 dum
1954 347 2050 378 inobi-

1218 389 1286 420 liter
1300 396 1329 419 et
1345 388 1552 430 temporaliter
1563 389 1637 430 agit,
1648 400 1806 431 nunquam
1822 389 1934 420 formas
1948 398 2049 432 posset

1216 440 1287 463 actu
1309 443 1364 461 suo
1379 443 1397 461 a
1411 438 1495 461 motu
1516 443 1550 462 ac
1567 439 1704 474 tempore
1726 432 1849 463 solvere.
1895 432 2048 463 Virtutem

1217 475 1280 505 dixi
1297 474 1430 504 insitam:
1452 485 1521 504 nam
1538 474 1593 505 etsi
1608 475 1677 516 quis
1691 475 1838 506 rationem
1852 475 1975 517 objiciat
1991 476 2048 507 sub

1217 517 1371 548 intellectu
1386 517 1539 547 communi
1555 517 1612 547 hoc
1628 518 1756 555 efficere,
1772 526 1898 560 cogetur
1913 526 2047 549 attamen

1217 560 1363 596 confiteri,
1390 568 1507 590 certum
1532 560 1686 602 quendam
1712 569 1813 591 actum
1844 572 1903 591 non
1933 561 2048 603 absque

1217 611 1299 634 certa
1322 603 1455 645 quadam
1478 602 1592 633 virtute
1617 614 1703 645 posse
1727 604 1873 645 praeberi:
1898 604 2048 646 siquidem

1218 647 1285 677 talis
1300 646 1378 677 actio
1393 645 1482 676 talem
1500 646 1638 687 sequitur
1653 646 1829 676 facultatem
1842 659 1848 677 z
1873 654 1965 688 atque
1980 647 2049 678 ideo

1217 690 1277 720 vim
1299 689 1452 730 quandam
1476 688 1622 719 stabiliter
1637 696 1812 730 operantem
1835 689 1874 719 ab
1894 689 2048 720 intellectu

1217 732 1370 763 communi
1386 732 1499 774 praefici
1516 732 1636 769 rationi,
1651 743 1705 773 pei·
1720 743 1811 773 quam
1833 739 1863 762 et
1886 732 1909 762 si
1933 732 2049 763 mobili-

1218 784 1273 811 ter,
1285 776 1351 818 ipsa
1365 783 1466 805 tamen
1482 775 1521 805 ad
1538 774 1702 805 immobilia
1718 787 1748 805 se
1763 782 1933 810 convertat;
1952 775 2048 817 ipsam

1218 831 1289 849 vero
1306 819 1364 848 vini
1383 818 1519 848 stabilem
1537 829 1590 848 nos
1606 818 1791 848 intellectum
1812 818 1970 860 proprium
1993 830 2047 849 no-

1216 873 1366 892 minamus
1383 873 1388 891 :
1423 873 1473 891 cui
1502 872 1701 891 necessarium
1732 868 1777 891 est
1804 872 2049 892 communissima

1215 904 1441 945 certissimaque
1457 904 1648 934 scientiarum
1665 904 1839 945 artiumque
1855 904 1950 934 inesse
1965 903 2049 946 prin-

1215 947 1304 988 cipia,
1320 955 1350 978 et
1365 947 1430 989 ipsa
1445 959 1569 989 quoque
1584 947 1768 989 exemplaria
1788 958 1901 984 rerum,
1918 954 1950 977 ut
1971 947 2048 978 ratio

1216 990 1257 1020 ibi
1287 990 1381 1032 possit
1409 990 1610 1020 discursiones
1638 989 1872 1031 argumentandi
1898 989 2045 1020 fundere:

1217 1044 1326 1074 resque
1349 1042 1377 1063 et
1400 1033 1556 1074 opiniones
1576 1044 1672 1069 veras,
1688 1033 1819 1063 bonasve
1841 1033 1880 1063 ab
1901 1032 2049 1075 oppositis

1217 1076 1273 1106 rite
1289 1076 1474 1106 discernere:
1499 1088 1533 1106 ac
1548 1088 1602 1118 per
1618 1076 1677 1105 vim
1695 1075 1864 1106 intellectus
1884 1075 1965 1106 illius
1985 1087 2048 1106 om-

1218 1118 1266 1149 nia
1282 1130 1400 1160 semper
1415 1119 1516 1149 subito
1530 1127 1735 1155 contuentem,
1752 1118 1816 1160 ipsa
1831 1130 1956 1160 quoque
1974 1129 2048 1149 non-

1217 1172 1375 1202 nunquam
1397 1161 1511 1203 aliquid
1536 1162 1637 1192 subito
1656 1161 1778 1191 intueri.
1823 1163 1903 1191 Cum
1919 1161 2048 1192 dicimus

1215 1204 1415 1244 intelligibilia
1438 1204 1532 1234 inesse
1555 1204 1730 1241 intellectui,
1746 1204 1786 1234 sic
1805 1203 1924 1245 accipe:
1951 1212 1985 1235 ut
2000 1204 2047 1235 in-

1216 1247 1353 1277 tellectus
1373 1247 1410 1277 sit
1430 1247 1529 1289 ipsum
1552 1246 1748 1288 intelligibile.
1796 1247 1846 1277 Sic
1860 1247 1939 1277 enim
1956 1246 2047 1278 habet

1215 1290 1300 1320 ordo.
1347 1291 1459 1320 Sensus
1474 1290 1599 1332 quidem
1622 1301 1675 1320 nce
1696 1297 1750 1326 est,
1766 1300 1820 1319 nec
1844 1289 1935 1320 habet
1957 1289 2048 1320 sensi-

1216 1332 1286 1369 bile,
1303 1333 1355 1363 sed
1372 1334 1462 1364 vertit
1478 1346 1508 1364 se
1524 1334 1604 1363 foras
1619 1332 1656 1363 ad
1675 1332 1760 1362 illud.
1808 1332 1961 1373 Cogitatio
1976 1344 2047 1363 vero

1215 1384 1244 1406 et
1265 1377 1287 1406 si
1304 1388 1362 1406 non
1379 1385 1422 1407 est
1438 1376 1609 1417 cogitabile,
1625 1375 1717 1405 liabet
1738 1383 1836 1405 tamen
1858 1375 2045 1406 intrinsecus.

1217 1418 1394 1449 Intellectus
1406 1419 1538 1461 denique
1550 1428 1694 1460 tanquam
1711 1418 1828 1449 ratione
1844 1418 2046 1460 praestantior,

1215 1473 1274 1491 non
1297 1462 1387 1493 lialiet
1405 1471 1522 1493 tantum
1540 1461 1737 1502 intelligibile,
1755 1461 1805 1491 scd
1823 1461 1936 1492 existit.
1981 1461 2046 1492 Ubi

1215 1516 1286 1535 vero
1301 1505 1353 1541 ait,
1371 1505 1554 1547 Sapientiam
1577 1505 1670 1535 felicis
1693 1504 1801 1534 anima·
1824 1504 1910 1534 sitam
1932 1516 1995 1535 esse
2015 1504 2046 1535 in

1214 1548 1342 1578 essentia
1359 1549 1503 1589 quadam,
1522 1549 1582 1578 imo
1602 1548 1703 1589 potius
1725 1547 1754 1577 in
1773 1547 1914 1584 essentia,
1931 1547 2046 1589 signifi-

1215 1599 1263 1621 eat
1278 1598 1379 1621 actum
1396 1592 1494 1633 ipsum
1511 1590 1698 1631 intelligendi
1714 1590 1842 1620 existere
1858 1590 1956 1632 ipsum
1971 1602 2044 1627 esse,

1217 1641 1281 1664 tum
1298 1634 1326 1663 in
1344 1635 1466 1676 proprio
1482 1634 1635 1664 intellectu
1650 1646 1656 1664 ε
1681 1633 1733 1674 qui
1753 1640 1797 1663 est
1817 1633 1943 1664 essentia
1962 1645 2046 1675 quae-

1215 1677 1296 1713 dam,
1323 1685 1386 1707 tuni
1411 1677 1439 1707 in
1465 1677 1618 1707 intellectu
1645 1676 1810 1712 communi,
1834 1676 1888 1717 qui
1913 1683 1958 1707 est
1980 1677 2045 1718 ipsa

1214 1720 1351 1750 essentia.
1383 1720 1515 1751 Addidit
1532 1728 1645 1755 autem,
1658 1719 1777 1761 potius:
1798 1719 1942 1760 quoniam
1959 1727 2045 1750 actus

1214 1762 1384 1793 intellectus
1408 1763 1522 1804 proprii
1549 1763 1587 1793 ab
1610 1770 1679 1792 actu
1703 1761 1872 1792 communis
1894 1762 1928 1792 fit
1951 1770 2045 1804 atque

1214 1814 1359 1836 servatur.
1405 1806 1538 1836 Proinde
1559 1806 1634 1836 sicut
1652 1805 1680 1835 in
1699 1804 1811 1834 lumine
1826 1804 1906 1834 idem
1922 1812 1967 1835 est
1982 1817 2044 1835 esse

1215 1848 1327 1885 lumen,
1344 1857 1436 1890 atque
1458 1849 1568 1885 lucere,
1584 1848 1723 1890 quamvis
1743 1859 1802 1877 non
1824 1847 1861 1877 sit
1882 1847 1962 1878 idem
1981 1859 2044 1879 esse

1214 1891 1326 1928 lumen,
1343 1900 1372 1921 et
1388 1891 1588 1933 resplendere,
1605 1899 1698 1932 atque
1713 1890 1823 1921 calere:
1842 1890 1882 1920 sic
1897 1890 1928 1920 in
1944 1890 2044 1922 anima

1213 1934 1418 1969 intellectuali,
1443 1934 1520 1965 idem
1544 1943 1587 1965 est
1611 1933 1843 1964 intellectualem
1866 1944 1929 1963 esse
1951 1941 2044 1976 atque

1213 1977 1390 2017 intelligere,
1407 1977 1473 2008 licet
1490 1989 1548 2007 non
1566 1977 1645 2007 idem
1666 1976 1703 2007 sit
1723 1988 1796 2013 esse,
1813 1984 1842 2006 et
1861 1976 2042 2014 ratiocinari,

1212 2028 1305 2062 atque
1321 2020 1486 2061 imaginari.
1517 2020 1575 2050 Sed
1592 2027 1753 2057 memento,
1765 2031 1801 2049 cx
1815 2019 1926 2049 Plotini
1944 2027 2044 2050 mente

1214 2063 1382 2105 ponendam
1400 2075 1463 2093 esse
1482 2063 1558 2093 inter
1575 2063 1759 2093 intellectum
1782 2062 2042 2103 imaginationem-

1213 2117 1272 2147 que
1291 2106 1442 2146 geminam
1465 2106 1592 2147 speeiem
1615 2105 1753 2136 rationis:
1777 2104 1900 2135 alteram
1917 2105 2042 2147 quidem

1213 2148 1427 2190 speculativam
1445 2157 1618 2189 surgentem
1634 2149 1672 2178 ad
1689 2147 1892 2178 intellectum:
1916 2147 2041 2179 alteram

1211 2203 1283 2222 vero
1298 2191 1425 2222 activam
1448 2192 1485 2221 ad
1507 2191 1749 2233 imaginationem
1771 2191 1871 2232 potius
1890 2190 2041 2222 declinan-

1211 2242 1281 2265 tem.
1326 2234 1475 2275 Alioquin
1491 2246 1559 2264 cum
1578 2246 1637 2264 ¹ion
1653 2234 1745 2275 possit
1766 2245 1820 2275 per
1836 2233 1935 2275 ipsum
1952 2233 2040 2265 intel-

1212 2277 1321 2307 lectum
1338 2277 1489 2307 duntaxat
1509 2290 1571 2308 esse
1594 2277 1669 2308 aiter
1690 2276 1805 2307 beatior
1820 2276 1925 2315 altero,
1941 2277 2039 2307 omni-

1210 2320 1268 2350 bus
1290 2331 1344 2361 per
1367 2320 1465 2361 ipsum
1490 2320 1625 2351 similiter
1648 2331 1765 2361 semper
1786 2319 1958 2361 agentibus,
1979 2331 2039 2350 non

1210 2363 1266 2392 erit
1281 2362 1328 2392 liic
1344 2363 1458 2393 felicior
1473 2363 1540 2393 illo:
1565 2363 1620 2393 nisi
1636 2362 1709 2404 quia
1724 2362 1754 2392 in
1777 2361 1834 2392 lioc
1855 2362 2040 2404 speculativa

1210 2405 1286 2435 ratio
1307 2405 1485 2436 naturaliter
1504 2405 1668 2436 intellectui
1689 2405 1838 2447 proxima,
1854 2404 1884 2434 in
1907 2412 2038 2435 mentem

1210 2448 1331 2490 penitus
1357 2456 1399 2479 est
1427 2460 1581 2479 conversa.
1632 2447 1722 2485 Quod
1749 2456 1849 2478 tamen
1876 2447 1914 2477 de
1940 2447 2039 2478 activa

1210 2491 1345 2521 similiter
1360 2503 1419 2522 non
1440 2491 1507 2522 licet
1523 2491 1638 2522 dicere:
1663 2490 1735 2532 quia
1750 2498 1780 2521 et
1800 2489 1942 2520 remotior
1957 2498 1999 2520 est
2021 2502 2039 2521 a

1209 2542 1309 2564 mente
1324 2542 1353 2564 et
1370 2534 1398 2564 in
1415 2534 1517 2564 labore
1537 2534 1645 2576 posita,
1662 2541 1691 2564 et
1706 2532 1932 2575 quodammodo
1947 2533 2039 2564 servit

1209 2577 1348 2607 externis.
1388 2577 1520 2608 Differre
1535 2589 1606 2607 vero
1621 2576 1750 2607 rationes
1765 2575 1913 2617 ejusmodi
1929 2575 2037 2617 specie,

1210 2627 1292 2660 patet
1313 2631 1373 2649 non
1394 2620 1503 2657 solum,
1519 2621 1592 2661 quia
1611 2618 1796 2662 speculativa
1814 2624 1931 2648 naturae
1945 2629 2039 2660 opera

1211 2662 1342 2704 proprie,
1356 2663 1453 2694 activa
1465 2663 1622 2693 hominum
1634 2673 1725 2703 opera
1736 2660 1860 2703 cogitat,
1872 2661 1924 2692 sed
1934 2661 2036 2699 etiam,
