2201 2990
239 157 320 188 cxxii

775 153 1150 185 ANNOTATIONES
1175 153 1224 184 IN
1249 152 1447 184 PLOTINI

241 242 376 281 τακτικήν
401 254 466 273 τινα
493 242 539 272 καὶ
568 243 715 281 αὐστηρὰν
742 241 789 272 καὶ
814 240 977 279 ἀνήὸυστον
1003 240 1081 281 ἔχων
1099 242 1124 268 A
1142 250 1241 281 nuper
1261 239 1386 270 demum
1409 237 1451 268 illi
1474 237 1632 268 adhaerere
1654 237 1805 280 coepisset,
1822 245 1856 268 ut
1873 237 1984 269 diserte

240 295 456 335 βραχυλογίαν.
494 294 583 335 Lego
599 292 808 333 εὖστοχήμασι.
855 293 986 334 Dionys.
1005 293 1080 322 Hal.

243 346 374 376 Censur.
391 345 448 376 VI.
464 355 579 387 p.434.
597 344 721 375 Reisk.:
745 343 783 375 ‘O
807 345 838 375 δὲ
860 343 1012 383 Ὑπερίδης
1035 344 1081 374 εὔ-

861 395 950 436 Diog.
976 395 1082 425 Lae'rt.

243 449 298 479 VI.
325 457 372 489 74.
400 448 438 479 de
462 449 602 490 Diogene
626 446 768 489 Cynico:
804 446 1022 486 εὐστοχώτατός
1051 458 1083 475 τε

243 499 361 540 ἐγένετο
390 501 422 531 ἓν
449 503 511 532 ταῖς
538 498 721 536 ἀπαντήσεσι
745 500 803 527 τῶν
828 499 936 537 λόγων.
981 497 1082 538 Atqui

241 551 391 592 ejusmodi
405 550 565 588 ἀπαντήσει
580 548 747 591 (replique)
762 548 884 589 subjicit
898 548 1084 578 Plutarchus

242 410 349 437 στοχος
370 397 434 435 μὲν,
459 396 585 427 σπάνιον
609 395 631 426 δ’
656 396 812 434 αὐξητικός.

240 601 317 632 illud
335 602 487 644 judicium
505 601 543 631 de
565 600 682 630 ratione
703 607 733 629 et
755 599 891 629 oratione
908 599 1083 629 Phocionis.
1101 603 1124 630 Β

242 652 336 695 Diog.
355 654 460 682 La'crt.
477 651 513 682 V.
532 661 583 692 34.
600 650 639 680 de
655 649 823 680 Aristotele
837 662 842 679 :
870 651 909 681 εἷς
927 650 1015 680 αὐτὸν
1031 650 1081 680 ἆν-

242 703 472 743 αφέρεται-καὶ
488 702 703 741 ἀποφθέγματα
719 701 854 741 ἀγράφου
869 703 967 740 φωνῆς
983 701 1083 731 εὐστο-

241 755 366 795 χήματα.
413 754 524 794 Neque
546 764 594 783 me
614 753 653 783 ab
672 752 723 782 illa
743 752 920 794 conjectura
942 759 1081 788 avocant,

242 805 294 836 sed
320 805 423 847 potius
449 804 479 834 in
503 816 539 834 ea
563 804 756 840 confirmant,
780 815 851 845 quae
876 802 1084 833 Aristoxenus

241 856 325 898 apud
351 855 438 886 Stob.
460 855 589 896 Eclogg.
615 855 642 886 I.
666 865 692 894 7.
714 856 760 885 18.
784 866 816 896 p.
835 856 906 885 208.
924 855 1020 884 Heer.
1045 866 1083 884 ex

242 907 509 949 Pythagoreorum
527 906 675 937 sententia
691 906 730 936 de
745 906 871 936 fortuna
894 906 1005 936 refert:
1031 905 1082 935 Et*-

1142 290 1276 321 traditur
1290 290 1369 320 infra
1384 301 1451 332 cap.
1468 289 1572 320 XXI.
1598 288 1723 331 Insigne
1739 289 1821 320 istud
1837 289 1984 331 Longini,

1142 341 1227 384 quod
1244 341 1438 384 Porphyrius
1460 340 1517 371 hoe
1540 340 1607 371 loco
1622 340 1709 370 nobis
1732 340 1864 371 servavit
1886 351 1986 382 prooe-

1142 393 1250 430 mium,
1267 405 1283 424 e
1298 405 1361 435 quo
1376 392 1511 435 plurima
1531 391 1569 422 ad
1585 391 1742 422 historiam
1766 391 1929 422 literar-iam
1955 391 1988 421 il-

1143 444 1202 475 lius
1217 444 1316 475 aetatis
1328 444 1425 475 discas
1441 443 1523 479 licet,
1536 443 1627 474 vertit
1642 443 1747 474 itidem
1764 442 1909 474 laudatus
1919 443 1985 485 jam

1144 495 1232 526 nobis
1254 495 1448 526 doctissimus
1468 495 1526 531 vir,
1548 494 1686 524 Jacobus
1703 494 1835 532 Tollius,
1852 494 1882 525 in
1900 495 1984 525 Lon-

1144 547 1217 588 gino
1233 558 1288 577 suo
1304 558 1334 588 p.
1349 556 1421 587 245.
1467 546 1527 576 Sed
1546 545 1645 576 Fit-ini
1660 545 1829 576 versionem
1851 546 1986 588 interpo-

1145 597 1207 628 lare
1233 598 1305 628 mihi
1332 598 1440 640 religio
1464 598 1534 634 fuit,
1563 597 1718 627 monituro
1742 596 1862 627 interim
1891 597 1944 627 ubi
1969 608 1987 627 a

1145 660 1234 679 sensu
1251 649 1406 691 scriptoris
1420 648 1631 691 interpretatio
1647 648 1713 690 ejus
1728 647 1894 678 recesserit.
1919 648 1989 678 Sec-

1145 701 1262 731 tionum
1279 701 1369 731 etiam
1386 701 1537 731 minorum
1561 711 1715 737 numm-05,
1732 699 1846 741 quibus
1864 698 1988 730 Tollius

1144 751 1327 794 prooemium
1358 752 1442 783 istud
1468 751 1619 788 distinxit,
1646 751 1677 781 in
1707 750 1829 793 paginae
1853 761 1908 780 ora
1932 749 1987 780 ad-

1144 803 1278 845 scripsi.”
1304 804 1336 834 F
1335 804 1430 834 abric.
1491 803 1685 845 Adjecerunt
1715 802 1773 832 hoc
1802 799 1988 843 prooemium

1145 854 1207 884 suis
1223 854 1358 895 Longini
1373 854 1558 884 editionibus
1580 854 1670 884 etiam
1690 852 1877 889 Hudsonus‚
1895 852 1988 882 Pear-

1144 905 1219 943 cius,
1236 904 1392 947 Toupius,
1408 906 1534 942 Morus,
1552 905 1719 935 lVeiskius.
1750 904 1917 934 Eximinm
1933 914 1988 934 au-

243 972 289 989 ναι
305 958 327 989 δ’
345 959 444 997 ἕτερον
459 959 547 997 τύχης
570 957 654 993 εἶδος,
673 957 733 987 καθ’
751 957 766 987 ὃ
782 959 809 988 οἱ
827 958 882 996 μὲν
899 957 1015 996 εὐφυεῖς
1038 957 1084 986 καὶ
1102 965 1125 992 C
1146 965 1205 988 tem
1217 958 1445 1000 fragmentum
1462 956 1520 987 hoc
1535 956 1718 998 prooemium
1735 954 1809 986 dicit
1826 955 1930 996 Toup.
1947 954 1987 985 ad

243 1011 388 1050 εὔστοχοι,
405 1011 433 1040 οἱ
448 1010 479 1040 δὲ
496 1010 598 1049 ἀφυεῖς
617 1022 648 1039 τε
669 1009 715 1039 καὶ
736 1010 874 1039 ἐναντίαν
889 1009 1008 1049 ἔχοντες
1027 1009 1080 1047 φύ-

243 1074 291 1091 σιν
316 1060 480 1099 βλάπτοιεν
505 1060 683 1099 (βλάστοιεν
708 1060 928 1102 VVyttenbach.
954 1060 984 1090 in
1009 1059 1082 1089 Ari-

243 1119 320 1142 stox.
340 1111 463 1142 Mahnii
478 1123 508 1154 p.
526 1113 624 1151 111.),
642 1113 682 1142 ὧν
705 1113 733 1142 οἱ
754 1113 810 1150 μὲν
829 1113 1004 1150 εὐθύβουλοι
1022 1111 1083 1149 (εὐ-

242 1164 366 1202 θυβόλοι
383 1164 500 1205 Wytt.)
519 1163 587 1198 εἶεν,
609 1163 655 1202 ἐφ’
672 1164 727 1198 ὅ,τι
751 1163 787 1194 ἂν
810 1163 1040 1201 ἐπιβάλλωνται,
1058 1163 1085 1192 οἱ

243 1215 273 1245 δὲ
297 1215 489 1245 ἀποπίπτοιεν
507 1216 558 1244 τοῦ
581 1216 701 1249 σκοποῦ,
718 1213 862 1252 μηδέποτε
885 1216 934 1252 τῆς
958 1214 1086 1245 διανοίας

243 1266 337 1296 αὐτῶν
353 1266 500 1305 εὐστόχως
514 1265 686 1304 φερομένης.
720 1267 770 1296 Ac
786 1264 923 1295 similiter
939 1265 968 1295 in
985 1265 1085 1295 l’o'etae

1147 1008 1282 1050 Longin.
1300 1009 1427 1049 Fragm.
1443 1008 1480 1038 V.
1496 1018 1522 1038 1.
1541 1019 1569 1049 p.
1584 1016 1658 1048 520.
1676 1006 1807 1044 Weisk.‚
1822 1007 1988 1049 egregiam

1145 1061 1217 1091 libri
1256 1060 1477 1102 prafiztionem
1516 1057 1724 1089 Ruhnkeuius
1768 1057 1807 1088 de
1844 1057 1989 1099 Longino

1147 1112 1174 1152 ξ.
1193 1111 1289 1141 XIV.
1307 1112 1424 1152 p.526.
1442 1111 1565 1151 Bergm.
1614 1110 1651 1140 In
1675 1109 1753 1140 Cod.
1769 1109 1918 1140 Vaticano
1941 1119 1988 1139 nr.

1149 1172 1239 1203 1353.
1264 1173 1358 1192 manu
1383 1162 1491 1192 Const.
1513 1160 1649 1191 Lascaris
1672 1160 1786 1202 scripto
1808 1159 1857 1190 hic
1880 1159 1989 1190 titulus

1147 1213 1348 1256 praeponitur,
1380 1221 1455 1244 teste
1483 1212 1589 1243 Bastio
1618 1211 1657 1242 ad
1691 1211 1826 1253 Longin.
1857 1222 1889 1253 p.
1914 1212 1988 1252 650.

1147 1264 1282 1295 Weisk.:
1310 1265 1459 1304 Λογγῖνον
1484 1264 1639 1303 προοίμιον
1666 1263 1737 1303 πρὸς
1763 1265 1920 1293 Πλωτΐνον
1944 1263 1991 1293 καὶ

244 1317 350 1347 incerti
375 1316 595 1358 epigrammate
618 1328 682 1347 nro.
700 1317 810 1347 DLX.
829 1316 908 1347 Cod.
926 1315 1086 1346 Palatinus
1104 1328 1129 1355 D
1147 1316 1338 1347 Γεντιλιανὸν
1353 1315 1502 1354 Ἀμέλιον.
1536 1316 1591 1346 Cr.

243 1368 368 1399 exhibet
405 1369 539 1408 εὐτυχίην
568 1379 624 1410 pro
654 1368 810 1408 εὖστοχίην
840 1366 1086 1410 improbantibus

246 1419 399 1450 Dorvillio
414 1419 452 1450 ad
470 1419 588 1450 Charit.
606 1431 637 1461 p.
649 1429 721 1460 343.
738 1421 842 1450 Amst.
860 1430 890 1461 p.
907 1419 982 1457 408.
1004 1417 1084 1460 Lips.

242 1478 272 1501 et
287 1471 433 1501 Jacobsio
447 1470 486 1501 ad
499 1470 671 1513 Antholog.
684 1471 741 1501 Gr.
759 1471 852 1501 Toni.
864 1470 952 1501 XII.
970 1481 999 1512 p.
1016 1470 1082 1509 178.

247 1523 302 1553 Cr.

286 1585 316 1616 p.
334 1573 396 1604 lxx.
412 1580 439 1603 n·
456 1575 507 1603 τοῦ
523 1572 583 1603 καθ’
601 1573 674 1611 ἡμᾶς
690 1573 890 1612 κριτικωτάτου
907 1572 1081 1612 γενομένου]

246 1629 266 1643 “
285 1625 399 1655 Confer
415 1624 595 1667 Eunapium
613 1625 643 1654 in
661 1624 731 1655 Vita
748 1624 911 1666 Porphyrii
930 1623 976 1666 [p.
996 1633 1024 1664 7.
1041 1635 1084 1665 sq.

246 1676 294 1706 ed.
306 1675 508 1717 Boissonadii]
524 1683 634 1718 etquae
649 1675 706 1705 viri
722 1675 804 1706 docti
820 1676 859 1706 ad
876 1675 989 1706 librum
1004 1675 1086 1705 Lon-
1104 1684 1128 1712 Ε

245 1727 309 1769 gini
325 1727 363 1757 dc
380 1727 574 1758 Sublimitate
590 1727 743 1763 dictionis,
760 1739 776 1757 e
792 1739 855 1769 quo
872 1727 955 1758 velut
972 1738 1009 1757 ex
1029 1738 1085 1757 un-

246 1791 307 1821 gue
322 1779 438 1810 leonem
455 1790 618 1821 agnoscere
630 1778 699 1809 licet
711 1778 849 1809 criticum
866 1778 1086 1814 acutissimum,

247 1831 315 1862 licet
331 1830 443 1872 scripta
454 1831 522 1872 ejus
536 1830 595 1860 alia
611 1830 701 1871 longe
717 1829 849 1871 plurima
864 1829 997 1860 abolevit
1013 1836 1088 1859 teni-

248 1883 336 1924 pus.”
352 1883 476 1913 Fabric.
522 1881 592 1912 Vid.
611 1881 791 1912 Boissonad.
815 1881 853 1911 ad
880 1882 1006 1923 Eunap.
1032 1880 1051 1911 l.
1069 1881 1086 1911 l.

250 1947 281 1977 p.
300 1943 366 1976 157.
388 1934 427 1964 ab
447 1945 545 1975 eoque
568 1933 728 1963 laudatum
746 1933 915 1963 Burmann.
934 1932 973 1963 ad
991 1931 1089 1963 Vales.

251 1986 289 2017 (le
305 1986 420 2017 Critica
435 1998 465 2028 p.
480 1994 547 2027 150.
580 1986 623 2015 Et
636 1984 798 2026 Longinus
814 1987 871 2014 τῶν
886 1986 1091 2023 γραμματικῶν

1190 1379 1220 1409 p.
1233 1368 1297 1398 lxx.
1309 1366 1334 1397 b.
1353 1368 1374 1397 ὦ
1391 1366 1567 1407 Μάρκελλε]
1588 1370 1608 1384 “
1622 1364 1806 1396 Marcellum
1823 1364 1988 1395 Orontium

1149 1419 1337 1455 Senatoreln‚
1356 1417 1470 1449 Plotini
1486 1417 1671 1459 discipulum
1688 1415 1864 1458 alloquitur.
1910 1416 1990 1459 Ejus

1148 1470 1262 1501 mentio
1288 1481 1382 1512 supra
1407 1482 1432 1500 c.
1451 1470 1499 1510 7.”
1523 1469 1649 1499 Fabric.
1704 1467 1774 1498 vid.
1801 1467 1861 1498 illic
1885 1475 1988 1499 annot.

1145 1530 1239 1553 nostr.
1256 1533 1286 1563 p.
1305 1530 1369 1562 105.
1385 1528 1462 1551 extr.
1482 1532 1512 1562 p.
1528 1521 1596 1550 106.
1615 1519 1681 1550 init.
1697 1526 1728 1549 et
1743 1518 1848 1549 confer
1863 1518 1989 1561 insuper

1144 1585 1216 1615 quze
1237 1573 1276 1604 ad
1301 1572 1536 1615 Inscriptionem
1561 1571 1654 1613 hujus
1673 1570 1752 1601 Vitae
1775 1569 1986 1612 adposuimus.

1149 1625 1202 1655 Cr.

1190 1687 1221 1718 p.
1235 1675 1298 1706 lxx.
1314 1682 1335 1705 c·
1359 1676 1438 1714 παρὰ
1458 1674 1705 1714 τοὺς-χρόνους]
1733 1677 1753 1691 “
1768 1673 1896 1704 Rectius
1913 1673 1988 1704 Tol-

1148 1727 1207 1758 lius
1229 1727 1295 1758 haec
1317 1727 1360 1758 ita
1383 1737 1453 1757 cum
1478 1726 1632 1768 prioribus
1652 1725 1775 1767 jungit:
1803 1725 1905 1760 Quum
1918 1734 1989 1766 per-

1148 1779 1237 1809 multi
1254 1779 1400 1808 memorz'a
1416 1782 1523 1808 nostra
1538 1778 1727 1814 c.z·.s·titerint‚
1744 1777 1902 1813 stlat-celle,
1914 1776 1987 1818 phi-

1148 1831 1276 1872 losophi,
1286 1831 1461 1872 prmsertim
1475 1833 1575 1859 (tutem
1590 1829 1706 1871 primis
1716 1828 1864 1870 pueritia?
1874 1832 1991 1858 nostrae

1151 1882 1347 1924 temporibus,
1364 1899 1406 1904 —
1428 1899 1470 1904 —
1492 1885 1557 1910 tum
1585 1890 1656 1910 vero
1680 1890 1741 1909 non
1759 1879 1857 1920 pauci
1880 1889 1919 1908 ex
1942 1878 1992 1909 leis

1151 1933 1323 1975 quumjam
1339 1932 1555 1962 adolescentuli
1571 1930 1734 1961 essemus?
1744 1930 1776 1960 F
1775 1930 1869 1960 abric.
1905 1934 1926 1948 ‘⁴
1938 1930 1993 1960 Pa-

1152 1983 1305 2014 renthesin
1325 1983 1468 2013 Pearcius
1483 1982 1600 2013 notavit
1615 1981 1654 2011 ab
1670 1982 1685 2011 ὁ
1699 1982 1754 2019 μὲν
1769 1994 1796 2020 γ.
1815 1994 1838 2011 ν.
1853 1994 1878 2010 κ.
1895 1992 1993 2023 usque

251 2039 506 2078 φιλοσοφώτατος,
524 2036 717 2078 Porphyrius
732 2038 789 2065 τῶν
805 2036 983 2074 φιλοσόφων
998 2048 1089 2074 γραμ-
1112 2047 1134 2074 F
1153 2035 1192 2066 ad
1209 2036 1316 2075 ἔσχηκε
1332 2037 1383 2065 τοῦ
1397 2034 1574 2073 πράγματος.
1615 2031 1675 2062 Sed
1693 2039 1773 2062 recte
1789 2030 1912 2062 Tollius
1927 2043 1992 2062 eam

249 2090 442 2127 ματικώτατος
456 2088 623 2119 ferebatur.
657 2087 707 2118 Cf.
723 2086 885 2128 lVyttenb.
903 2085 942 2116 ad
958 2085 1091 2116 eundem

252 2140 387 2181 Eunapii
410 2140 509 2170 locum
534 2151 563 2181 p.
580 2149 631 2180 30.
679 2138 729 2169 Cf.
753 2138 842 2168 etiam
860 2136 1028 2168 Ruhnken.
1053 2137 1092 2168 de

254 2191 397 2232 Longino
414 2191 442 2230 ξ.
456 2191 499 2220 X.
517 2202 547 2232 p.
559 2200 633 2231 509.
649 2201 694 2231 sq.
712 2189 760 2220 ed.
777 2190 902 2231 Bergm.
929 2190 984 2220 Cr.

295 2254 324 2284 p.
351 2242 415 2272 lxx.
438 2249 461 2273 ⁰.
491 2244 541 2272 τοῦ
566 2241 669 2280 ἀνδρὸς
694 2241 747 2278 την
772 2240 882 2278 συνήθη
910 2239 1090 2281 ἑρμηνείαν]

253 2298 273 2311 “
291 2293 339 2323 De
364 2293 419 2323 hac
447 2292 591 2333 [Plotini]
620 2292 805 2333 negligentia
827 2291 943 2322 dictum
967 2303 991 2321 c.
1010 2292 1039 2321 8.
1063 2298 1093 2320 ct

258 2345 323 2385 13.”
346 2344 472 2374 Fttbrz'c.

534 2344 613 2374 Mox
644 2342 825 2374 auctoritate
854 2342 1001 2372 librorum
1028 2342 1093 2372 fere

1154 2086 1254 2117 verbis
1280 2085 1625 2126 σᾟχνοῖς-ἐπιμίξαντες
1650 2082 1878 2120 terminaverat,
1901 2093 1993 2124 quem

1153 2147 1183 2168 et
1208 2145 1330 2168 secutus
1353 2144 1397 2167 est
1422 2136 1542 2166 Morus.
1595 2133 1655 2164 Sed
1682 2133 1836 2175 'roupius,
1860 2133 1994 2164 incertus

1153 2190 1291 2226 fortasse,
1314 2196 1413 2218 utram
1437 2194 1554 2228 partein
1579 2184 1663 2226 sequi
1687 2184 1884 2215 commodum
1906 2192 1995 2221 esset,

1154 2240 1244 2282 plane
1267 2238 1391 2269 sustulit
1407 2237 1493 2279 signa
1508 2236 1752 2278 parentheseOS.”
1774 2236 1884 2266 Weisk.
1930 2236 1996 2266 Nos

1155 2290 1328 2321 Tullianam
1353 2289 1499 2319 rationem
1524 2287 1618 2318 secuti
1643 2298 1758 2317 sumus.
1804 2287 1884 2317 'Mox
1903 2286 1996 2317 verba

1154 2341 1592 2381 οἳιγγενέσθαι-ἐπιμίξαντας
1616 2338 1645 2368 111
1671 2338 1720 2369 ed.
1738 2337 1859 2368 Weisk.
1884 2337 1995 2368 rectius

253 2394 389 2426 omnium
414 2401 586 2424 nostrorum
611 2393 709 2424 delevi
733 2392 896 2423 articulum
920 2393 1000 2423 inter
1016 2393 1048 2422 ἐν
1062 2400 1092 2422 et
1110 2405 1137 2433 G
1154 2393 1195 2423 ita
1211 2403 1297 2422 versa
1311 2391 1470 2433 leguntur:
1494 2395 1514 2408 ‘⁴
1530 2392 1668 2426 Quorum
1684 2390 1777 2419 etiam
1793 2389 1846 2430 qni
1863 2393 1926 2418 ίιιπι
1942 2399 1994 2418 su-

254 2445 468 2487 συγγράμματι.
514 2445 593 2475 Ron
618 2443 854 2483 ἐλλογιμωτάτου
877 2443 972 2485 possit
995 2442 1089 2473 verti:

252 2498 400 2529 doctrinm
414 2496 505 2526 laude
520 2495 781 2526 celebratissimis*
816 2495 868 2525 Cr.

294 2561 325 2591 p.
341 2547 404 2578 lxx.
423 2554 447 2577 ³.
471 2547 536 2586 περὶ
559 2545 687 2588 τέλους]
715 2549 738 2563 “
756 2546 827 2575 Hoc
851 2552 896 2574 est
919 2545 955 2574 de
966 2544 1092 2585 finibus

253 2601 399 2631 bonorum
416 2603 444 2629 ct
460 2598 622 2633 malorum,
636 2608 698 2638 quo
714 2596 804 2626 titulo
817 2603 941 2626 exstant
954 2595 1093 2636 praeclari

255 2649 410 2683 Ciceronis
425 2649 504 2679 libri.
551 2648 677 2691 Scripsit
693 2656 794 2678 autem
815 2647 957 2678 volumen
974 2647 1091 2689 Longi-

254 2714 311 2733 nus
336 2700 458 2732 Plotino
480 2699 582 2731 adhuc
609 2699 781 2742 superstite,
804 2710 873 2730 cum
900 2699 1092 2741 Porphyrius

1148 2444 1296 2486 perstites
1311 2446 1401 2472 crant
1412 2441 1632 2472 consuetudine
1648 2440 1722 2470 milei
1727 2440 1836 2481 juncti
1838 2440 1994 2480 ficerunt,

1153 2495 1266 2525 mullas
1278 2498 1388 2535 gentes
1403 2498 1431 2523 ct
1446 2494 1587 2523 civitates
1602 2492 1744 2525 obeunti‚·
1769 2497 1798 2520 et
1814 2489 1924 2520 deinde
1937 2502 1943 2520 ;
1968 2491 1996 2520 οἱ

1153 2545 1175 2576 δ’
1193 2544 1587 2585 ἆποχρῆναι-κατάληψινε
1612 2543 1669 2573 alii
1685 2552 1757 2572 vero
1771 2552 1808 2572 Su
1843 2551 1908 2571 cere
1931 2542 1995 2571 eavi-

1151 2598 1333 2633 stimarunt,
1346 2596 1373 2625 si
1385 2600 1548 2626 sectatores
1563 2605 1635 2625 suos
1651 2593 1693 2623 ad
1708 2593 1831 2623 ¹illorum
1846 2593 1996 2634 cognitio-

1152 2659 1220 2679 nem
1233 2647 1467 2690 pc1·‹lncercnt.”
1498 2647 1552 2676 Cr.

1187 2711 1218 2742 p.
1233 2698 1307 2729 lxxi.
1321 2698 1344 2728 d.
1363 2697 1535 2739 Εὐκλείδης]
1554 2696 1638 2726 Hinc
1654 2706 1723 2725 cum
1743 2693 1868 2735 reliquis
1884 2694 1996 2725 relatus
