2201 2990
530 143 592 181 IN
623 140 851 180 LIBRUM
884 140 955 179 IV.
990 140 1243 179 ENNEAD.
1268 139 1486 178 PRIMAE.

161 244 212 274 sed
228 242 372 276 demissis,
389 239 435 270 vel
449 245 528 269 eerte
543 237 672 268 remissis
690 237 855 267 admodum
873 236 988 267 ezeteris

162 286 275 316 viribus
290 292 320 315 et
335 282 447 319 officiis,
457 287 538 311 totus
549 281 613 322 jam
626 288 670 310 est
683 280 845 310 translatus
860 279 889 308 iu
907 291 988 309 men-

162 338 232 359 tem.
280 327 415 366 Ideoque
438 331 535 354 totum
562 322 653 352 animi
679 323 793 353 bonum
820 330 863 352 est
893 333 986 352 unum

162 372 258 413 ipsum
284 366 488 408 intelligentia.¹
512 366 636 395 1101111111.
685 366 776 396 Τ11110
804 373 833 395 et
860 364 986 406 reliqua,

160 426 230 455 qua·
252 413 330 442 bona
352 410 506 445 dicuntur,
528 408 550 438 si
573 408 667 450 eligit,
685 420 743 439 non
768 416 893 450 propter
912 408 986 449 ipsa,

161 456 211 486 sed
228 454 312 496 quasi
328 452 468 495 quiedam
486 451 617 481 remedia
633 450 728 492 eligit,
747 459 781 481 ut
796 451 897 481 omnia
918 451 988 480 inde

160 510 215 540 pro
231 497 345 526 viribus
361 496 494 525 vitentur
510 494 700 524 incommoda
714 507 719 524 :
744 506 814 536 qua*
830 495 908 524 forte
923 493 987 524 ani-

159 551 242 571 mum
265 539 303 569 ad
327 538 468 569 inferiora
483 537 617 567 curanda
635 536 813 568 distractum
837 537 989 567 adducere

158 583 328 618 videantur,
347 589 380 611 ut
403 580 522 611 interim
545 580 624 610 cirea
645 580 783 610 (livinum
806 580 920 610 bonum
945 592 989 610 re-

159 625 277 656 missius
296 631 446 666 operetur.
492 623 543 653 Ait
566 629 722 664 praeterea,
740 623 880 654 ultimum
898 623 988 653 tinem

159 669 349 709 maximeque
375 666 510 697 omnium
534 666 739 707 expetendum
764 674 903 708 oportere
929 678 989 696 non

158 711 253 742 solum
279 722 341 741 esse
365 709 530 740 niaximum
558 709 587 739 in
615 721 644 739 se
669 709 795 746 boumn,
813 709 863 739 sed
889 709 990 739 animo

158 754 247 785 etiam
274 765 338 795 prae
364 752 480 783 eaeteris
505 752 666 782 intimum:
699 753 738 783 sie
765 752 843 782 enim
874 753 987 783 bonum

158 797 289 827 maxime
311 796 445 839 prodest,
463 795 485 825 si
509 806 700 836 summopere
723 795 760 826 sit
780 795 987 832 intrinsecum,

157 848 250 882 atque
272 840 314 870 ita
336 838 501 869 maximum
522 846 566 868 est
588 838 688 868 animo
710 839 836 869 bonum.
882 840 989 880 Atque

159 882 286 913 vicissim
313 882 396 924 quod
427 881 592 912 maximum
621 881 650 911 in
682 893 712 911 se
740 882 855 912 bonum
882 889 936 918 est,
966 882 989 911 si

159 926 249 956 modo
261 925 290 956 id
306 925 425 956 animus
441 931 541 954 noster
553 931 732 965 auguretur,
747 925 780 955 {it
795 936 858 966 prfe
873 925 989 955 &eteris

159 968 295 1000 intimum
313 981 318 998 1
344 975 409 998 tum
430 967 503 1009 quia
523 974 552 997 et
571 967 670 1009 ipsum
687 968 888 998 efficacissime
910 968 989 1009 rapit

158 1020 186 1042 et
213 1019 361 1054 penetrat,
386 1018 450 1041 tum
477 1010 619 1052 quoniam
648 1010 766 1041 animus
791 1011 989 1041 vehementis-

159 1055 231 1085 sime
252 1055 289 1085 ad
310 1054 341 1084 id
363 1054 500 1084 afficitur.
548 1053 625 1083 Tale
640 1065 711 1084 vero
726 1061 770 1084 est
786 1053 883 1084 solum
900 1054 987 1084 intel-

158 1097 283 1140 ligibile,
298 1105 327 1128 et
351 1097 512 1139 plusquam
536 1096 724 1138 intelligibile
748 1097 873 1127 bonum.
921 1098 988 1127 Ca:-

159 1148 222 1171 tera
244 1140 335 1177 enim,
356 1152 426 1182 quae
448 1140 593 1170 dicuntur
616 1140 705 1175 bona,
723 1139 769 1170 vel
790 1140 880 1170 etiam
904 1147 989 1170 extra

158 1183 269 1214 animal
292 1191 427 1214 nostrum
453 1190 535 1219 sunt,
552 1194 606 1213 eeu
631 1182 755 1219 divitiae,
779 1183 918 1219 honores,
934 1183 990 1212 1111-

159 1227 260 1268 peria:
286 1226 331 1256 vel
353 1226 382 1256 in
403 1226 525 1256 animali
546 1234 658 1262 nostro,
676 1226 753 1256 sieut
775 1237 917 1256 sensuum
936 1238 988 1256 vo-

160 1269 310 1312 luptates:
336 1269 382 1299 vel
404 1269 459 1300 etsi
480 1276 550 1298 sunt
571 1269 600 1298 in
622 1269 732 1304 anima,
750 1276 848 1299 tamen
866 1277 991 1299 externa

160 1312 359 1354 prospiciunt:
380 1320 411 1342 ut
427 1312 649 1353 imaginationis
662 1311 893 1349 oblectamenta⁷
911 1323 990 1353 spes-

160 1368 220 1397 que
235 1355 358 1385 rationis
373 1363 528 1397 occupata.¹
549 1355 640 1385 rebus
660 1355 802 1396 agendis:
828 1354 874 1385 vel
891 1355 913 1384 51
931 1366 990 1385 11011

160 1406 285 1429 externa
310 1398 484 1440 respiciunt,
508 1406 579 1428 sunt
605 1406 704 1428 tamen
730 1400 780 1437 (ut
802 1398 844 1428 ita
868 1397 989 1439 loquar)

160 1441 346 1483 imaginaria,
371 1447 580 1483 perpetuoque
603 1447 762 1471 versantur
785 1440 815 1470 in
838 1448 934 1477 motu,
958 1448 991 1470 ut

160 1485 283 1514 rationis
305 1484 486 1526 speculantis
509 1483 720 1520 discursiones,
744 1490 836 1525 atque
860 1495 990 1525 concep-

161 1534 210 1557 tus
224 1540 228 1557 :
255 1527 351 1557 solum
367 1539 438 1557 vcro
453 1527 535 1568 quod
558 1538 648 1568 super
664 1526 787 1556 rationis
807 1534 923 1556 motum
941 1538 992 1556 ex-

161 1578 205 1600 tat
224 1571 349 1606 bonum,
367 1577 396 1600 et
417 1570 509 1600 menti
526 1577 569 1599 est
589 1569 710 1611 penitus
726 1569 878 1606 intimum,
895 1577 923 1599 et
943 1571 992 1608 (ut

160 1613 201 1643 ita
225 1613 344 1654 loquar)
367 1613 495 1643 solidum
519 1624 553 1642 ae
577 1612 692 1649 stabile,
709 1612 861 1654 simulque
882 1620 990 1643 totum.

162 1656 199 1686 Id
216 1668 288 1698 ergo
304 1665 333 1686 et
350 1656 516 1686 maxinmm
539 1655 569 1685 in
590 1668 620 1686 se
641 1655 755 1685 bonum
773 1663 828 1691 est,
846 1663 874 1686 et
898 1655 992 1685 maxi-

160 1710 242 1729 mmn
259 1699 360 1729 animo
375 1699 500 1729 bonum.

173 1785 244 1811 Felix
259 1786 361 1811 1111101011
378 1785 470 1811 bonum
489 1785 553 1815 rull,
566 1788 659 1811 certem
674 1788 783 1819 propter
796 1785 880 1819 ipsum
895 1784 980 1818 eligii.

205 1832 281 1861 VII.
298 1839 327 1861 et
344 1832 440 1861 VIII.
467 1832 503 1861 In
520 1831 618 1873 eapite
640 1830 706 1861 libri
726 1831 854 1872 septimo
869 1831 992 1861 conlite-

163 1882 223 1910 tur,
239 1874 354 1904 felicem
378 1874 487 1916 eligere
511 1874 669 1904 commoda
692 1874 805 1916 potius,
825 1885 917 1915 quam
941 1884 994 1914 op-

164 1916 283 1958 posita:
321 1925 349 1947 et
372 1917 529 1948 connnoda
554 1929 612 1947 non
636 1925 760 1959 propter
783 1917 859 1958 ipsa,
884 1916 935 1946 sed
960 1922 992 1946 ut

164 1959 336 1990 devitentur
350 1960 548 1990 incommoda.
574 1962 619 1990 At
633 1972 703 1990 vero
719 1959 910 1990 incommoda
925 1970 994 2001 pro-

165 2002 213 2031 0111
236 2002 337 2033 abesse
360 2003 458 2040 malle,
480 2015 538 2033 non
562 2004 645 2045 quia,
668 2015 738 2034 cum
762 2002 915 2040 accidunt,
931 2014 994 2032 esse

167 2044 279 2075 felicem
302 2058 317 2075 e
338 2046 437 2076 medio
453 2046 569 2083 tollant,
587 2046 637 2076 sed
659 2046 731 2087 quia
753 2054 781 2076 et
807 2057 869 2076 esse
892 2045 994 2087 potius

166 2088 303 2118 auferant
321 2090 508 2130 (quanquam
527 2089 583 2119 hoe
598 2089 740 2131 deinceps
764 2088 849 2119 nihili
872 2088 992 2130 pendit)

166 2137 194 2160 et
218 2131 476 2173 contemplationis
500 2132 634 2162 studium
658 2131 850 2173 interpellare
872 2138 995 2161 conten-

167 2173 252 2203 dant.
311 2174 484 2211 Concludit,
514 2175 634 2205 beatum
668 2174 825 2205 divinitate
857 2174 992 2216 plenum,

167 2224 275 2246 caetera
297 2217 396 2246 onmia
422 2217 505 2247 nihili
532 2217 680 2259 pendere:
705 2218 835 2259 ideoque
858 2229 895 2247 ex
922 2217 994 2259 ipsis

169 2259 281 2289 nullam
311 2259 339 2289 in
370 2267 483 2300 partem
510 2273 526 2290 e
555 2272 609 2290 suo
637 2268 716 2292 statu
748 2272 835 2303 posse
865 2259 992 2290 deflecti.

172 2302 256 2331 Idem
274 2302 302 2331 in
319 2309 425 2332 octavo
440 2303 536 2344 capite
552 2303 680 2345 peragit.

172 2388 218 2413 list
240 2388 263 2412 in
286 2391 370 2413 mente
389 2388 517 2421 sapientia
537 2391 643 2417 (eterna,
660 2389 787 2423 adquam
809 2397 866 2414 cum
887 2390 996 2423 attingit

399 2428 478 2457 ralia,
494 2428 595 2453 animus
609 2432 647 2453 est
662 2428 760 2455 beatus.

213 2474 274 2503 IX.
303 2474 338 2503 In
357 2484 436 2503 110110
449 2473 546 2514 eapite
561 2473 669 2503 iterum
686 2474 857 2505 dubitatur:
879 2483 993 2512 utrum,

168 2516 220 2558 qui
244 2516 350 2546 beatus
369 2516 433 2557 jam
456 2515 598 2545 delinitus
618 2523 672 2551 est,
688 2523 858 2557 perseveret
877 2518 995 2555 beatus,

169 2559 191 2588 si
207 2571 269 2600 quo
284 2559 461 2599 gravissimo
477 2558 582 2588 morbo
598 2566 651 2588 aut
667 2559 811 2589 maleficio
826 2560 995 2601 phrenesim

169 2602 325 2643 patiatur?
371 2600 603 2643 Respondetur:
636 2612 827 2642 perseverare
854 2602 973 2633 beatum
989 2616 994 2634 :

169 2645 253 2685 quasi
271 2644 400 2675 dormiat
417 2644 551 2685 quidem,
569 2651 598 2674 et
621 2644 747 2674 somniet
763 2644 994 2686 imaginatione:

1809 153 1854 191 51

1031 235 1135 276 vigilet
1152 243 1250 265 tamen
1273 244 1300 265 et
1325 236 1458 277 perfecte
1481 242 1551 276 agat
1572 243 1635 265 tum
1658 244 1766 272 11101110,
1784 237 1860 267 sicut

1032 287 1061 309 et
1085 279 1122 308 de
1148 278 1229 308 omni
1257 278 1357 308 anima
1380 278 1494 307 dietum
1519 285 1573 311 est,
1599 286 1662 307 111111
1689 279 1714 308 vi
1742 280 1861 309 rationis

1032 321 1197 363 superiore,
1214 333 1284 362 quw
1305 328 1334 351 et
1355 319 1589 361 contemplativa
1605 320 1680 350 ratio
1696 321 1816 357 dit-itur,
1832 332 1860 352 et

1032 364 1259 407 quodannnodo
1275 363 1473 404 intelligentia
1493 362 1652 404 quaedam:
1677 375 1746 404 qua·
1763 364 1791 393 in
1809 365 1860 394 be-

1032 416 1082 438 ato
1093 408 1156 449 jam
1175 415 1274 437 mente
1290 407 1418 437 formata
1434 414 1488 441 est,
1506 413 1536 435 et
1551 411 1584 435 ut
1606 417 1689 435 mens
1709 414 1861 447 operatur.

1035 451 1134 492 quue
1147 450 1284 480 videlieet
1302 449 1468 480 seeundum
1484 448 1665 478 universales
1682 456 1745 478 tum
1764 460 1861 479 rerum

1033 494 1156 535 speeies,
1174 500 1238 523 tum
1263 493 1385 523 rationis
1407 500 1508 523 aetus:
1535 502 1594 521 nou
1611 492 1688 521 enim
1706 491 1782 521 adeo
1798 504 1864 533 per-

1034 538 1111 567 fecte
1127 537 1257 567 formata
1271 544 1316 566 est
1332 535 1498 566 seeundum
1515 534 1650 574 singula:
1673 534 1768 575 magis
1784 535 1862 564 enim

1032 592 1050 610 a
1066 587 1165 610 mente
1182 579 1303 609 distant.
1351 579 1432 616 Quin
1448 578 1537 608 ctiam
1554 585 1582 607 et
1604 577 1721 618 reliqua
1742 577 1864 607 rationis

1033 623 1139 659 virtus,
1156 634 1225 664 quae
1246 622 1275 652 in
1297 621 1416 663 agendo
1432 621 1527 662 magis
1548 620 1645 662 posita
1665 628 1719 658 est,
1735 628 1764 650 et
1787 621 1810 650 si
1833 620 1862 650 in

1033 665 1173 708 phrenesi
1196 665 1393 701 distrahatur,
1417 672 1470 695 aut
1494 671 1588 699 vacet,
1614 671 1712 694 tamen
1740 663 1865 705 paratis-

1034 709 1107 739 sima
1123 716 1177 745 est,
1196 716 1261 750 post
1279 708 1434 750 phrenesis
1449 707 1596 749 impetum
1619 706 1657 736 ad
1678 706 1864 748 superiorem

1033 752 1156 782 rationis
1182 751 1254 789 vim,
1285 758 1479 792 mentemque
1508 749 1629 780 reflecti.
1685 751 1758 779 Post
1790 749 1864 785 lure,

1032 795 1234 837 cognitionem
1270 804 1413 825 :eternam
1447 806 1464 824 a
1494 792 1651 835 temporali
1682 792 1861 833 distinguit:

1033 838 1117 880 quod
1134 838 1220 868 nobis
1236 838 1283 868 hic
1299 837 1420 868 videtur
1436 836 1526 867 altius
1543 835 1754 877 repetendum.
1784 836 1865 865 Cum

1033 882 1063 912 111
1086 882 1184 923 prima
1206 880 1334 912 essentia
1356 880 1456 910 vivere
1479 879 1602 921 quidem
1627 879 1664 909 sit
1687 878 1865 908 intrinsecus

1032 937 1132 965 agere,
1148 924 1315 965 intelligere
1330 935 1402 954 vero
1417 934 1506 964 agere
1528 922 1557 952 in
1581 934 1612 952 se
1634 922 1740 963 ipsam,
1757 921 1865 963 suique

1032 968 1139 998 notitia
1158 968 1187 998 in
1211 979 1240 997 se
1262 967 1385 1003 reflecti,
1401 966 1454 1008 qui
1475 977 1546 996 sane
1567 973 1653 996 actus
1674 964 1758 994 nullo
1775 965 1866 994 modo

1032 1013 1131 1052 vergit
1145 1011 1182 1041 ad
1199 1022 1320 1052 corpus,
1338 1010 1445 1040 merito
1460 1021 1495 1039 eo
1511 1020 1608 1050 usque
1624 1016 1763 1038 naturam
1780 1007 1866 1038 intel-

1032 1054 1190 1085 lectualem
1215 1053 1337 1084 extendi
1361 1061 1517 1095 putamus,
1532 1064 1594 1093 quo
1616 1062 1712 1093 usque
1734 1050 1866 1092 cognitio

1033 1097 1078 1127 sui
1095 1105 1124 1127 et
1139 1097 1280 1138 quaedam
1297 1108 1314 1126 a
1330 1095 1454 1126 materia
1470 1094 1648 1136 segregatio.
1696 1095 1733 1124 In
1758 1102 1866 1124 natura

1033 1152 1106 1181 ergo
1121 1139 1257 1170 rationali
1273 1139 1413 1181 quamvis
1428 1138 1592 1180 aliquando
1608 1137 1708 1179 imago
1723 1137 1866 1178 quaedam

1034 1183 1142 1213 mentis
1165 1183 1258 1213 soleat
1280 1182 1436 1224 appellari,
1453 1188 1553 1212 tamen
1571 1180 1799 1222 quodammodo
1815 1191 1866 1210 na-

1035 1234 1104 1257 tura
1119 1225 1330 1256 intellectualis
1344 1232 1479 1266 apparet.
1526 1224 1618 1254 Ratio
1633 1223 1712 1253 enim
1728 1231 1755 1253 et
1777 1235 1807 1253 se
1822 1223 1867 1265 ip-

1035 1281 1097 1300 sam
1114 1268 1338 1305 animadvertit,
1349 1275 1377 1298 et
1395 1279 1474 1309 saepe
1485 1267 1598 1297 formas
1613 1278 1631 1296 a
1643 1265 1866 1296 conditionibus

1035 1312 1169 1343 materiae
1185 1319 1312 1353 separat.
1359 1311 1438 1341 Tres
1458 1310 1561 1351 itaque
1579 1309 1790 1339 intellectualis
1811 1320 1865 1339 na·

1036 1362 1112 1386 turae
1137 1362 1207 1385 sunt
1227 1354 1358 1396 gradus:
1385 1352 1564 1384 Intellectus
1579 1352 1689 1382 seilicet
1705 1352 1768 1394 ipse
1783 1363 1865 1382 com-

1036 1398 1151 1428 munis:
1178 1397 1356 1428 Intellectus
1375 1396 1484 1427 animae
1504 1395 1655 1438 proprius,
1673 1402 1765 1436 atque
1781 1395 1865 1425 ratio.

1036 1443 1115 1471 Tres
1127 1453 1250 1482 quoque
1266 1448 1336 1470 sunt
1353 1447 1470 1470 naturze
1482 1438 1692 1469 intellectualis
1707 1438 1863 1479 imagines:

1035 1485 1132 1526 prima
1148 1495 1266 1514 sensns:
1285 1483 1417 1513 secunda
1434 1483 1477 1512 vis
1494 1481 1648 1523 vegetalis:
1667 1481 1754 1511 tertia
1771 1482 1868 1511 forma

1035 1527 1177 1569 corporis.
1218 1526 1276 1557 sed
1294 1526 1332 1556 de
1346 1525 1530 1567 imaginibus
1545 1524 1626 1555 alibi.
1660 1525 1731 1554 Jam
1750 1536 1820 1555 vero
1837 1524 1867 1554 in

1036 1570 1188 1601 intellectu
1211 1570 1310 1611 primo
1329 1569 1496 1611 intelligere
1519 1575 1564 1598 est
1586 1568 1686 1609 ipsum
1707 1579 1781 1597 esse.
1828 1568 1867 1597 In

1035 1614 1169 1644 secundo
1189 1613 1357 1654 intelligere
1380 1620 1422 1642 est
1446 1611 1532 1654 quasi
1553 1622 1626 1648 esse,
1643 1618 1672 1640 et
1690 1612 1739 1649 (ut
1761 1610 1803 1640 ita
1825 1610 1867 1640 lo-

1036 1660 1127 1699 quar)
1144 1657 1290 1687 existere:
1316 1664 1361 1686 est
1381 1655 1460 1686 enim
1481 1666 1589 1696 agere:
1615 1664 1714 1695 agere,
1731 1653 1866 1694 inquam,

1036 1708 1105 1730 actu
1119 1700 1253 1742 quodam
1266 1698 1425 1736 essentiali,
1437 1706 1466 1728 et
1480 1697 1587 1727 intimo
1599 1705 1691 1738 atque
1707 1704 1866 1738 perpetuo.

1036 1744 1130 1774 ferme
1146 1743 1223 1773 sieut
1239 1743 1267 1772 in
1284 1742 1351 1772 luce
1366 1741 1477 1778 lucere,
1495 1740 1556 1770 sive
1572 1740 1690 1770 micare.
1726 1740 1762 1769 In
1780 1739 1868 1769 tertio

1036 1787 1168 1828 denique
1192 1785 1359 1827 intelligere
1383 1792 1427 1815 est
1453 1783 1675 1825 argumentari:
1709 1782 1739 1812 id
1766 1789 1867 1812 autem

1036 1838 1078 1860 est
1103 1829 1254 1860 mobiliter
1268 1828 1397 1870 operari,
1413 1828 1507 1858 ferme
1531 1827 1608 1856 sicut
1630 1826 1660 1855 in
1684 1825 1797 1855 lumine
1821 1837 1867 1855 re-

1038 1873 1166 1913 fulgere.
1214 1872 1329 1902 Merito
1349 1871 1427 1901 inter
1446 1869 1623 1911 intelligere,
1639 1868 1722 1911 quod
1742 1875 1785 1898 est
1807 1880 1869 1898 esse

1038 1913 1225 1957 simpliciter,
1244 1914 1390 1956 nullaque
1412 1912 1653 1955 participatione,
1674 1911 1725 1941 sed
1749 1911 1869 1952 penitus

1038 1970 1091 1999 per
1107 1958 1284 1993 essentiam;
1310 1964 1402 1999 atque
1418 1956 1596 1997 intelligere,
1614 1955 1697 1997 quod
1714 1963 1758 1984 est
1776 1954 1870 1984 mobi-

1037 2002 1105 2032 liter
1134 2013 1233 2042 agere,
1264 2000 1398 2030 medium
1430 2007 1474 2030 est
1503 1998 1681 2040 intelligere,
1711 1997 1794 2039 quod
1825 2005 1869 2027 est

1037 2056 1126 2086 agere
1152 2045 1273 2086 penitus
1299 2042 1502 2073 immobiliter.
1547 2043 1591 2072 Et
1619 2041 1718 2083 prima
1745 2040 1869 2082 quidem

1037 2087 1234 2127 intelligentia
1252 2094 1296 2117 est
1315 2098 1369 2128 per
1384 2086 1558 2116 essentiam:
1585 2083 1717 2115 secunda
1734 2095 1787 2125 per
1802 2095 1870 2124 par-

1038 2131 1242 2173 ti‹·ipationem
1269 2129 1404 2171 quidem,
1432 2129 1483 2159 sed
1515 2139 1638 2170 prorsus
1664 2126 1867 2156 immobilem:

1038 2174 1126 2204 tertia
1146 2173 1278 2214 denique
1301 2172 1530 2214 participatione
1553 2171 1587 2201 fit
1610 2169 1724 2206 mobili,
1742 2169 1819 2200 sicut
1841 2177 1869 2199 et

1038 2217 1157 2259 sphaera
1172 2216 1249 2258 ignis
1264 2215 1391 2246 essentia
1407 2215 1500 2245 calet:
1526 2224 1686 2255 supremus
1708 2216 1759 2242 aer
1774 2212 1869 2242 servet

1038 2260 1107 2290 inde
1130 2259 1361 2301 participatione
1383 2265 1548 2300 perpetua:
1577 2256 1700 2286 inferior
1722 2259 1773 2285 a'er
1794 2254 1869 2285 calet

1038 2303 1268 2345 participatione
1291 2301 1441 2332 mutabili.
1485 2302 1560 2331 Esse
1575 2310 1646 2329 vero
1661 2298 1817 2340 proprium
1840 2298 1869 2327 in

1039 2346 1139 2376 anima
1160 2345 1345 2376 intellectum
1370 2343 1516 2374 stabiliter
1530 2349 1716 2384 operantem,
1738 2353 1796 2371 non
1821 2353 1868 2370 so-

1041 2389 1102 2419 lum
1127 2389 1203 2419 ratio
1225 2389 1289 2418 haec
1313 2388 1398 2418 nobis
1421 2386 1563 2422 ostendit,
1581 2385 1631 2415 sed
1655 2385 1725 2414 hine
1748 2384 1870 2425 insuper

1038 2432 1252 2462 confirmatur:
1280 2430 1363 2473 quod
1393 2429 1545 2460 rationalis
1570 2436 1679 2459 natura
1705 2427 1791 2468 quasi
1818 2438 1871 2468 po-

1039 2475 1132 2505 tentia
1157 2474 1298 2516 quaedam
1326 2480 1370 2504 est
1396 2471 1622 2515 quodammodo
1647 2470 1773 2511 patiens,
1796 2469 1869 2499 dum

1040 2524 1125 2548 motu
1142 2518 1302 2553 formatur,
1319 2524 1410 2557 atque
1431 2528 1467 2546 ex
1486 2515 1551 2546 ocio
1571 2513 1673 2556 prodit
1695 2513 1724 2542 in
1747 2520 1846 2542 aetum
1862 2523 1867 2540 z

1040 2572 1130 2602 quem
1148 2560 1285 2602 plerique
1301 2559 1485 2590 intellectum
1503 2557 1685 2600 passibilem,
1699 2554 1745 2585 vel
1761 2555 1870 2584 forma-

1040 2603 1130 2633 bilem
1157 2603 1368 2633 nominabunt.
1424 2604 1553 2643 Oportet
1580 2611 1652 2641 ergo
1679 2598 1758 2628 bunc
1786 2595 1870 2626 intel-

1040 2645 1163 2683 lectum,
1179 2645 1262 2676 velut
1278 2657 1314 2676 ex
1331 2657 1361 2675 se
1378 2644 1588 2686 imperfectum
1610 2642 1648 2672 ab
1663 2640 1721 2671 alio
1736 2638 1867 2680 quodam

1095 2693 1163 2723 HQ
