2201 2990
302 193 374 231 132

300 276 408 306 mistus
421 283 465 307 est
481 276 604 318 frigido,
619 282 700 306 certe
716 287 776 306 non
792 283 836 306 est
849 286 920 305 vera
935 274 1044 310 forma,
1061 284 1131 314 quae

746 173 1169 217 ARGUMENTUM
1200 169 1431 211 MARSIL.
1465 168 1568 208 FIC.

1175 281 1254 307 mus,
1281 279 1431 315 quaelper
1450 277 1601 298 accessum
1629 266 1669 296 ad
1695 266 1837 297 ultimum
1862 267 2010 298 deformia

301 318 441 350 immersa
461 327 505 350 est
526 319 663 361 subjecto
682 330 807 361 prorsus
828 317 970 348 informi:
997 316 1059 347 sive
1084 318 1133 354 (ut
1171 313 1237 355 jam
1260 317 1590 358 pernimosanquensunt.
1637 309 1733 357 Valde
1754 309 1833 340 enim
1852 310 2010 352 probabile

301 361 403 393 verius
425 362 547 404 loquar)
565 361 753 392 informitati.
801 361 913 403 Accipe
928 359 1043 391 colores
1058 370 1135 400 qua-

303 412 384 442 tuor,
395 404 511 442 album,
522 416 673 442 croceum,
684 404 811 435 viridem
823 412 854 435 et
863 403 1034 437 rubentem,
1043 401 1136 431 misce

303 448 428 479 cuilibet
451 448 560 478 lioruni
580 447 759 489 quemlibet,
776 458 835 477 11011
858 454 978 477 1311111111
999 443 1137 487 quemvis

304 491 417 522 inficies
443 498 551 521 mutua
575 490 725 527 mistione,
749 498 900 532 quantum
925 489 948 519 si
971 486 1139 530 quemlibet

304 533 415 564 horum
438 534 525 576 nigro
553 533 728 564 miscueris:
754 532 881 575 nigredo
903 542 975 561 vero
1003 530 1043 560 ad
1072 528 1140 559 reli-

305 588 383 618 quos
397 584 573 619 comparata
592 577 716 613 colores,
732 575 889 606 materiam
905 574 960 604 tibi
975 572 1087 603 referat
1100 571 1140 601 ad

306 620 419 650 formas
442 619 578 650 similiter
603 626 819 661 comparatam.
866 618 1037 652 Memento,
1064 625 1142 661 prae-

307 670 388 693 terea
414 663 527 693 formas
551 662 582 692 in
605 662 741 698 materia,
765 661 837 702 quia
859 659 947 690 factae
973 656 1142 688 materiales

307 713 390 743 sunt,
404 717 514 747 egenas
529 704 667 741 evadere,
680 716 714 734 ac
726 702 868 745 periculis
880 701 1046 743 subjacere,
1058 699 1139 746 ideo-

307 760 368 790 que
391 748 519 779 invicem
543 748 582 778 ad
600 747 762 789 perniciem
785 752 968 780 concertare,
985 751 1020 773 ut
1040 741 1138 773 alieno

308 791 449 822 videlicet
458 791 640 821 detrimento
651 798 818 830 utcumque
830 794 957 829 possunt
967 785 1098 821 alantur,
1109 792 1139 814 et

309 834 436 865 tutiores
452 834 510 864 sint
526 834 660 864 extincto
675 831 826 862 contrario
839 842 845 860 ;
871 836 1024 871 separatas
1040 839 1110 858 vero
1122 838 1140 856 a

308 877 434 908 materia
456 877 579 913 formas,
599 874 739 917 quamvis
754 872 921 903 admodum
944 872 1023 902 inter
1043 882 1073 901 se
1093 869 1141 900 di-

309 931 420 958 versas,
435 927 535 950 tamen
551 919 629 948 inter
644 929 674 947 se
694 916 778 947 nullo
796 915 889 946 modo
911 925 1065 957 pugnare:
1090 924 1141 954 ge-

309 971 417 993 nerant
433 970 531 993 tamen
549 961 578 991 in
595 960 736 991 universo
751 958 912 996 contraria,
927 957 995 988 idea
1016 956 1141 998 quidem

310 1006 398 1047 ignis,
414 1005 514 1047 ignem
529 1017 534 1034 :
560 1003 628 1033 idea
643 1014 748 1033 rursus
767 1013 856 1043 aqiiae
878 1008 1003 1043 generat
1018 1010 1140 1041 aquam.

311 1048 401 1086 Quod
418 1047 496 1078 enim
521 1047 599 1077 inter
619 1045 792 1076 differentes
812 1044 895 1074 ideas
918 1052 961 1074 est
984 1042 1143 1073 'inconfusa

310 1091 552 1132 uniuscujusque
588 1088 768 1130 proprietas,
798 1087 847 1117 liic
876 1085 1079 1129 repugnantia
1108 1085 1143 1115 fit

310 1133 435 1164 hostilis.
483 1131 640 1162 Conclude
667 1130 800 1167 tandem,
825 1130 938 1160 formas
961 1129 992 1159 in
1019 1127 1144 1158 materia

311 1176 432 1218 penitus
452 1175 650 1205 obumbratas
664 1174 728 1204 fieri
753 1185 851 1215 usque
873 1172 949 1203 adeo
972 1170 1142 1213 languidas,

312 1226 346 1249 ut
372 1218 506 1249 materiae
527 1217 672 1248 veneficio
695 1224 878 1259 {egrotantes
900 1215 1042 1246 veneficae
1065 1225 1143 1255 quo-

311 1261 475 1292 dammodo
496 1261 555 1291 sint
580 1268 610 1291 et
632 1260 734 1291 animo
760 1259 888 1290 nimium
914 1256 1144 1300 propinquanti.

312 1306 381 1343 Qua
403 1316 474 1334 vero
499 1303 615 1334 ratione
637 1315 694 1345 pro
716 1303 882 1333 liiimorum
904 1300 1078 1332 diversitate
1099 1299 1143 1329 di-

311 1359 397 1378 versa
421 1347 579 1377 liomiiium
600 1346 658 1377 sint
684 1346 816 1387 ingenia,
833 1344 1005 1385 diversique
1028 1354 1141 1373 mores:

312 1398 341 1422 et
358 1398 473 1427 utrum,
489 1398 517 1420 et
537 1389 692 1431 quomodo
715 1388 850 1430 superari
871 1388 936 1418 lia‘c
954 1386 1146 1417 incommoda

313 1433 513 1476 temperarive
528 1433 655 1474 possint,
672 1432 702 1462 in
724 1431 896 1471 'slieologia
911 1442 992 1473 saepe
1006 1430 1143 1471 disputa-

313 1488 397 1507 mus:
423 1476 475 1506 ubi
492 1476 581 1506 ctiam
598 1486 657 1505 non
676 1486 760 1505 veras
774 1474 878 1505 0550111
895 1473 1020 1504 materia
1034 1473 1146 1502 formas

313 1520 489 1561 frequenter
508 1518 679 1549 asserimus.
724 1519 772 1549 Ut
787 1525 900 1553 autem,
918 1528 988 1558 quae
1005 1515 1146 1546 Plotinus

314 1562 351 1593 de
372 1563 462 1599 bono,
480 1562 632 1603 maloque,
650 1569 680 1592 et
702 1560 773 1591 boni
794 1560 926 1601 malique
941 1559 1099 1600 gradibus,
1116 1566 1146 1589 01

314 1606 343 1636 111
360 1605 568 1647 superioribus
583 1612 611 1634 et
629 1604 677 1634 liic
692 1603 828 1639 adducit,
842 1602 1016 1633 summatim
1034 1610 1145 1638 teneas,

314 1649 356 1679 ita
377 1648 545 1679 considera.
590 1648 720 1677 Diversa
734 1647 825 1684 bona,
841 1646 870 1676 iii
892 1656 1026 1687 quocum
1040 1656 1077 1675 uc
1100 1656 1145 1674 re-

315 1703 381 1721 rum
399 1703 509 1733 genere
528 1691 598 1728 sirit,
615 1689 769 1721 communi
786 1701 929 1720 vocamus
944 1657 1147 1730 appellatione

316 1734 403 1765 boni:
429 1746 528 1776 neque
546 1733 576 1764 id
599 1733 723 1775 quidem
745 1745 827 1770 casu,
845 1732 896 1762 sed
912 1739 994 1762 certa
1013 1730 1146 1772 quadam

315 1777 488 1808 conditione
513 1777 551 1807 ad
583 1777 639 1807 hoc
669 1775 802 1806 adducti.
849 1776 952 1805 Unam
983 1774 1086 1816 itaque
1116 1774 1146 1804 in

315 1828 432 1851 cunctis
441 1831 632 1851 communem
646 1827 756 1849 sortem
766 1826 1040 1855 vaticiiiaiiiiir‚nmi
1055 1828 1146 1847 unam

317 1863 425 1906 specie,
446 1871 500 1893 aut
519 1874 647 1905 genere:
672 1873 742 1892 nam
770 1861 798 1891 iii
820 1861 962 1891 omnibus
984 1860 1147 1902 generibus

317 1906 457 1948 quamvis
479 1906 615 1943 diversis,
632 1905 747 1935 bonum
767 1904 968 1946 conspicimus
988 1912 1081 1945 atquc
1096 1914 1148 1932 no-

318 1949 479 1979 minamus.
524 1950 594 1979 Una
624 1948 717 1989 igitur
747 1955 790 1978 cst
820 1948 884 1977 liaec
911 1946 1086 1989 appellatio,
1109 1946 1148 1976 ob

317 1992 471 2033 quandam
488 1991 525 2022 ad
547 1992 627 2022 idem
647 1990 761 2021 ordinis
777 1990 917 2020 unionem
938 1990 1148 2030 scilicet‚quo-

319 2035 399 2064 niam
422 2034 460 2065 ab
482 2034 588 2065 eodem
612 2034 761 2076 principio
784 2041 865 2070 sunt,
884 2034 1012 2075 ejusque
1034 2032 1149 2074 aliquid

320 2077 444 2114 liabent,
461 2085 491 2108 et
510 2077 547 2107 ad
566 2077 643 2107 idem
662 2077 745 2107 velut
765 2078 854 2106 finem
871 2076 1013 2107 feruntur
1027 2083 1057 2106 et
1079 2086 1151 2106 con-

321 2120 435 2150 ferunt.
481 2120 625 2150 Similiter
647 2131 701 2162 per
720 2119 820 2149 onmia
838 2131 950 2161 genera
966 2119 1079 2149 malum
1101 2118 1153 2148 ali-

321 2163 405 2204 quod
433 2163 617 2205 repcrimus:
642 2171 812 2204 cunctaque
842 2162 921 2192 mala
950 2162 1054 2193 eodem
1084 2161 1154 2191 mali

322 2206 444 2236 nomine
473 2217 532 2236 non
563 2217 645 2242 casii,
672 2205 723 2235 sed
754 2214 833 2236 certa
863 2205 979 2235 ratione
1003 2213 1154 2235 notamus.

324 2249 434 2290 Neque
457 2248 487 2278 id
505 2248 604 2278 verius
625 2248 688 2278 ficri
712 2256 821 2290 potest,
839 2260 930 2289 quam
955 2249 978 2278 si
998 2248 1037 2278 ad
1059 2258 1155 2277 unum

323 2303 516 2333 summopere
528 2291 640 2321 malum
657 2292 758 2321 onmia
775 2292 950 2327 referaiiius·‚
961 2291 1073 2322 scilicet
1085 2290 1157 2332 quia

324 2334 371 2364 vel
396 2334 467 2364 inde
488 2334 676 2376 contingant,
700 2334 746 2364 vel
770 2334 849 2364 illius
879 2334 995 2375 aliquid
1023 2333 1156 2364 habeant

325 2377 386 2407 sive
401 2376 606 2407 similitudinis
627 2377 687 2407 sive
708 2377 920 2410 inclinationis,
938 2377 998 2407 sive
1019 2385 1153 2407 naturae:

324 2419 372 2450 vel
387 2419 459 2462 quia
473 2419 544 2450 illuc
560 2420 697 2449 ferantur
712 2427 741 2450 et
758 2420 865 2450 ferant.
906 2420 1013 2461 Ipsum
1031 2419 1155 2461 quidem

324 2463 440 2493 bonum
455 2474 592 2493 summus
604 2470 647 2492 cst
663 2462 794 2492 universi
805 2462 919 2503 gradus
932 2475 936 2492 :
964 2464 1071 2504 Ipsum
1083 2473 1156 2504 ergo

325 2506 439 2536 malum
455 2505 569 2547 gradus
585 2505 621 2535 sit
638 2504 763 2535 ultimus
778 2505 926 2535 omnium.
964 2506 1074 2546 Neque
1085 2517 1157 2535 vero

325 2549 412 2580 decet
438 2548 517 2578 mala
540 2547 708 2589 dijudicare
733 2547 828 2577 solum
853 2558 907 2588 per
933 2547 1095 2578 discessum
1118 2548 1156 2578 ab

325 2592 392 2634 ipso
413 2591 505 2627 bono,
521 2598 614 2632 atque
632 2590 805 2620 distantiam
820 2602 826 2619 z
851 2590 912 2619 imo
933 2590 1031 2620 inulto
1046 2590 1157 2620 rectius

326 2646 380 2677 per
392 2645 542 2665 accessum
560 2633 599 2664 ad
616 2632 717 2674 ipsum
733 2632 858 2662 malum.
892 2633 961 2662 Non
978 2633 1055 2662 enim
1073 2633 1157 2674 quic-

326 2677 400 2719 quid
417 2677 517 2708 statim
538 2688 557 2707 a
576 2675 675 2718 primo
695 2675 798 2713 distat,
812 2686 884 2705 mox
901 2675 1076 2716 judicamus
1097 2686 1158 2705 nia-

326 2721 402 2758 lum,
419 2719 470 2751 sed
485 2719 578 2761 longo
599 2726 668 2761 post
689 2717 848 2749 intervallo
863 2717 941 2748 mala
955 2717 1157 2760 deprehendi-

1177 363 1233 393 est,
1249 366 1320 396 quae
1343 364 1562 396 propinquiora
1577 360 1648 383 511111
1664 352 1720 394 ipsi
1735 352 1828 390 bono,
1844 364 1936 394 quam
1952 352 2009 395 ipsi

1179 398 1270 435 malo,
1292 398 1372 428 bona
1394 395 1529 427 censeri:
1554 407 1624 437 quae
1639 395 1769 426 vicissim
1790 395 2010 438 propinquiora

1181 441 1272 479 malo,
1287 441 1366 470 mala
1391 438 1503 481 putari.
1549 438 1602 468 Sin
1617 446 1720 468 autem
1741 438 1857 480 absque
1871 439 1931 469 fine
1952 437 2009 469 ali-

1181 495 1244 525 quo
1267 482 1478 518 descendatur,
1500 492 1651 522 nusquam
1674 481 1731 512 erit
1753 481 1903 519 infimum,
1919 489 1949 512 et
1971 481 2010 512 ab

1181 527 1248 568 ipso
1272 526 1354 556 bono
1380 524 1510 555 maxime
1533 523 1655 553 distans.
1701 525 1770 561 Quo
1792 524 1900 566 posito,
1924 524 2011 554 liceat

1183 568 1298 610 aliquid
1313 568 1385 598 111110
1398 566 1601 609 propinquius
1612 566 1793 604 existimare,
1810 579 1903 608 quam
1919 567 2012 604 bono,

1183 611 1329 652 aliudque
1344 611 1402 641 alio
1417 609 1620 652 propinquius
1635 608 1706 639 111110
1726 609 1789 640 11113
1806 610 1922 640 ratione
1944 620 2011 652 per-

1185 654 1327 696 pendere.
1366 654 1494 684 Referre
1509 660 1611 682 autem
1633 651 1782 682 malorum
1797 652 1950 693 judicium
1967 664 2012 683 so-

1181 697 1244 727 lum
1265 696 1304 727 ad
1324 696 1489 738 quamdam
1505 707 1522 725 a
1538 695 1618 725 bono
1638 694 1823 732 distantiam,
1840 694 1966 736 perinde
1981 707 2012 726 se

1182 739 1318 777 haberet,
1333 751 1366 770 ac
1387 739 1410 769 si
1431 738 1500 780 quis
1521 738 1560 768 ad
1580 738 1676 780 ipsam
1700 749 1718 767 a
1735 737 1815 768 malo
1837 737 2011 769 distantiam

1182 782 1333 812 bonorum
1348 793 1437 812 omne
1447 781 1600 823 judicium
1617 780 1736 811 referat.

1186 869 1332 900 Quomodo,
1349 869 1418 903 quod
1433 872 1469 895 est
1485 868 1606 905 informe,
1623 869 1741 904 cognosci
1758 869 1841 903 possit
1861 868 1894 895 ab
1913 869 2012 901 anima,

1253 918 1310 944 quae
1325 912 1362 935 est
1369 908 1474 944 forma,
1491 913 1515 935 et
1525 908 1686 945 persormas
1700 909 1767 935 solet
1782 917 1946 943 cognoscere.

1230 955 1296 985 IX.
1315 954 1432 992 Quaerit
1446 955 1477 984 in
1489 955 1587 997 capite
1600 955 1667 985 IX.
1689 955 1861 993 Quomodo,
1874 955 1957 997 quod
1970 962 2016 986 est

1185 998 1315 1028 informe
1333 1005 1542 1038 cognoscatur,
1559 1009 1627 1028 011111
1649 1005 1679 1028 01
1695 998 1792 1029 ν111115
1814 999 2014 1039 cognoscendi

1186 1041 1223 1072 sit
1238 1041 1347 1076 forma,
1364 1047 1394 1070 01
1414 1040 1479 1082 ipsa
1500 1051 1554 1082 per
1569 1040 1697 1071 formam
1720 1049 1826 1071 actura
1847 1041 1895 1078 sit,
1912 1048 1942 1072 et
1959 1041 2014 1072 ob-

1181 1084 1298 1125 jectum
1316 1094 1369 1124 per
1386 1083 1515 1113 formam
1533 1082 1637 1113 virtuti
1653 1084 1689 1114 sit
1704 1095 1912 1115 occursurum.
1953 1085 2015 1115 Re-

1187 1126 1327 1168 spondet,
1354 1137 1408 1168 per
1437 1125 1539 1156 lumen
1563 1126 1703 1167 cognosci
1728 1126 1877 1164 tenebras,
1901 1126 1933 1157 id
1959 1135 2014 1164 est,

1187 1169 1331 1211 fingendo
1354 1168 1477 1210 quidem
1496 1176 1593 1199 totuin
1618 1168 1719 1199 lumen
1742 1169 1845 1199 abesse
1865 1178 2016 1201 extremas

1188 1213 1327 1243 tenebras
1352 1212 1495 1253 cogitari:
1521 1211 1664 1252 fingendo
1682 1223 1754 1242 vero
1776 1212 1878 1242 deesse
1900 1212 1948 1243 hie
1970 1212 2016 1243 lu—

1188 1255 1277 1285 niiiiis
1292 1262 1420 1297 partein,
1437 1266 1529 1296 quam
1550 1254 1621 1284 alibi
1639 1254 1804 1291 videamus,
1820 1255 1942 1296 agnosci
1961 1255 2014 1286 ali-

1188 1298 1262 1340 quid
1280 1298 1484 1328 tenebrosum.
1523 1297 1666 1328 Similiter
1680 1309 1800 1328 0111110111
1816 1297 1945 1328 formam
1961 1309 2015 1328 au-

1188 1341 1324 1377 ferendo,
1347 1341 1482 1371 animum
1507 1340 1661 1370 vaticinari
1681 1341 1854 1371 materiam:
1880 1340 1932 1371 sed
1952 1340 2016 1371 for-

1190 1396 1252 1415 mas
1276 1383 1443 1414 auferendo
1471 1383 1642 1421 nonnullas,
1668 1383 1783 1425 aliquid
1809 1383 1934 1423 cogitari
1961 1383 2015 1414 de-

1189 1428 1295 1458 forme.
1343 1426 1402 1457 Sed
1425 1426 1535 1456 iiiiriiiii
1558 1426 1605 1457 liic
1627 1426 1742 1468 aliquid
1768 1426 1887 1457 accidit.
1933 1426 2018 1457 Sicut

1189 1471 1268 1500 eiiiiii
1285 1481 1383 1511 neque
1401 1469 1463 1500 51110
1487 1469 1553 1500 11100
1567 1469 1706 1500 videmus
1726 1469 1903 1511 quicquam,
1919 1481 2019 1511 neque

1190 1513 1218 1543 in
1235 1514 1302 1544 luce
1318 1513 1456 1543 tenebras
1469 1525 1474 1542 z
1494 1513 1535 1543 ita
1549 1524 1647 1554 neque
1663 1513 1725 1543 sine
1740 1513 1838 1543 forma
1853 1512 2017 1554 quicquam

1191 1556 1397 1596 intelligimus,
1422 1567 1520 1597 neque
1546 1567 1599 1597 per
1626 1556 1765 1592 formam,
1794 1555 1840 1586 vel
1864 1555 1895 1585 in
1921 1555 2019 1586 forma

1191 1600 1356 1630 inateriaiii.
1403 1599 1532 1628 Animus
1547 1599 1678 1640 denique
1694 1598 1770 1629 sicut
1787 1598 1886 1640 ipsum
1903 1598 2017 1629 bonum

1191 1654 1283 1684 supra
1299 1642 1401 1672 lumen
1418 1641 1620 1672 intellectuale
1631 1642 1795 1682 cognoscit,
1807 1641 1846 1671 510
1862 1641 2018 1672 materiam

1191 1686 1270 1716 infra
1297 1685 1398 1715 lumen
1428 1684 1577 1726 ejusmodi
1602 1684 1698 1726 fingit.
1748 1683 1891 1725 Cognitio
1916 1691 2019 1714 autem

1191 1736 1321 1770 utraque
1346 1727 1520 1758 vaticinium
1545 1727 1656 1770 potius,
1680 1738 1772 1769 quam
1792 1727 1879 1766 ratio,
1902 1738 2019 1758 nuncu-

1190 1771 1292 1813 panda
1306 1771 1438 1801 videtur.

1193 1859 1271 1889 Quod
1287 1859 1399 1884 materia
1420 1859 1452 1884 sit
1476 1858 1556 1889 mala,
1575 1866 1625 1883 ηοη
1649 1859 1709 1892 qnia
1734 1858 1820 1893 qualis
1840 1858 1884 1888 sit,
1900 1858 1944 1883 sed
1959 1858 2021 1892 quia

1232 1908 1282 1925 uon
1312 1899 1419 1934 qualis:
1442 1899 1478 1924 sic
1504 1898 1580 1924 Deus
1602 1901 1639 1923 est
1667 1899 1721 1923 sine
1749 1898 1880 1933 qualitate
1908 1898 2021 1924 bomini.-

1233 1941 1292 1965 item
1318 1940 1455 1965 materiam
1478 1947 1530 1964 esse
1555 1947 1665 1974 prorsus
1691 1937 1837 1973 informem,
1859 1941 1884 1964 el
1906 1939 1970 1973 quid
1990 1939 2024 1964 sit

1234 1979 1328 2009 forma.

1238 2034 1281 2064 X.
1308 2035 1381 2064 Post
1397 2034 1461 2064 liaec
1483 2041 1583 2063 autem
1601 2033 1630 2063 111
1651 2032 1774 2074 reliquis
1796 2033 1865 2064 libri
1885 2033 2026 2075 capitulis

1195 2077 1378 2119 qua‘stiones
1397 2085 1497 2107 movet
1521 2084 1550 2106 01
1573 2075 1670 2106 soli-it.
1717 2076 1852 2113 Quaestio
1875 2076 1973 2118 prima
1994 2076 2023 2106 in

1197 2120 1330 2162 capitulo
1348 2121 1392 2150 X.
1440 2120 1551 2150 Utrum
1577 2119 1713 2156 materia,
1730 2119 1753 2149 si
1774 2130 1833 2149 non
1856 2119 1893 2150 sit
1916 2118 2023 2161 qualis,

1198 2163 1291 2205 possit
1306 2175 1369 2193 esse
1385 2162 1472 2193 mala.
1513 2161 1595 2192 Solet
1610 2162 1689 2192 enim
1705 2162 1744 2192 ad
1761 2162 1915 2203 qualitatis
1929 2173 2026 2203 genus

1198 2206 1306 2243 virtus,
1322 2212 1352 2236 et
1370 2205 1487 2241 vitium,
1500 2205 1619 2235 bonitas
1634 2213 1664 2235 et
1679 2205 1850 2246 malignitas
1865 2205 2024 2247 pertinere.

1200 2249 1388 2290 Respondet,
1405 2249 1483 2286 Quax
1500 2248 1587 2278 mista
1602 2255 1673 2278 sunt
1688 2260 1725 2278 cx
1742 2249 1878 2290 subjecto
1893 2247 2024 2290 quodam

1199 2300 1292 2333 atque
1314 2292 1422 2327 forma,
1446 2291 1487 2321 ita
1507 2292 1600 2321 solere
1616 2291 1661 2321 vel
1684 2291 1774 2328 bona,
1792 2291 1838 2321 vel
1860 2290 1939 2321 mala
1960 2301 2026 2320 cen-

1200 2335 1266 2365 seri.
1312 2336 1357 2365 At
1374 2346 1444 2364 vero
1464 2345 1534 2375 qua*
1557 2334 1775 2375 simplicissima
1797 2341 1878 2371 sunt,
1893 2344 1954 2364 non
1973 2333 2024 2368 ita,

1201 2377 1252 2408 sed
1267 2377 1354 2408 aliter
1364 2377 1506 2419 judicari.
1541 2377 1588 2407 Sic
1602 2377 1701 2418 ipsum
1718 2388 1817 2408 rei-um
1831 2375 2025 2419 principium,

1199 2420 1324 2462 quando
1339 2420 1386 2450 vel
1402 2420 1513 2450 dicitur
1528 2419 1657 2457 bonitas,
1674 2431 1733 2450 non
1749 2428 1793 2450 est
1809 2419 1952 2461 qualitas:
1978 2417 2025 2448 vel

1199 2463 1324 2505 quando
1345 2463 1456 2494 dicitur
1478 2463 1604 2499 bonum,
1625 2474 1685 2493 nori
1709 2470 1753 2493 est
1775 2462 1872 2504 quale.
1918 2461 2025 2502 Ipsum

1200 2506 1278 2536 enim
1299 2514 1342 2536 est
1366 2506 1431 2548 ipsa
1451 2505 1580 2542 bonitas,
1601 2517 1660 2535 11011
1683 2505 1829 2547 qualitate
1849 2504 1956 2541 solum,
1974 2502 2026 2533 sed

1201 2549 1380 2585 substantia,
1397 2548 1586 2590 essentiaque
1606 2549 1758 2590 superior:
1784 2548 1824 2578 sic
1841 2556 1942 2577 rerum
1958 2545 2028 2576 ulti-

1200 2603 1296 2629 mum,
1313 2592 1343 2622 id
1359 2600 1413 2628 est,
1431 2591 1566 2629 materia,
1582 2591 1634 2621 ubi
1656 2590 1825 2632 malignitas
1844 2587 2026 2630 appellatur,

1200 2646 1259 2665 non
1272 2643 1317 2665 est
1332 2634 1473 2676 qualitas,
1486 2634 1620 2675 alioquin
1631 2641 1660 2664 et
1675 2633 1705 2664 111
1721 2633 1856 2674 subjecto
1867 2630 1926 2661 alio
1935 2630 2026 2669 foret,

1202 2689 1300 2719 neque
1316 2677 1356 2708 sic
1372 2678 1450 2708 foret
1466 2677 1618 2713 ultimum,
1635 2684 1665 2706 et
1687 2687 1741 2717 per
1760 2682 1899 2705 naturam
1914 2674 2026 2704 fornia-

1202 2720 1259 2750 leiii
1285 2720 1420 2751 nonnihil
1444 2720 1514 2751 boni
1535 2718 1669 2750 formalis
1693 2718 1825 2748 haberet.
1872 2717 1952 2747 Item
1975 2717 2027 2747 ubi
