2201 2990
295 178 370 212 240

293 273 331 291 an
354 261 457 291 firmas
478 259 628 302 ejusmodi
652 259 764 289 formas
788 258 899 289 habeat
920 257 1011 288 intus.
1059 258 1130 288 Non

293 313 419 334 externa
434 303 558 345 quidem
582 310 675 344 atque
698 313 842 344 corporea
861 301 940 340 (haec
957 300 1036 330 enim
1056 311 1131 330 non-

295 347 369 377 dum
386 346 522 377 existunt
542 345 644 376 adhuc
659 356 714 387 per
730 353 870 375 naturam
887 343 1027 374 videlicet
1042 354 1132 383 gene-

295 389 401 427 randa,
423 401 476 431 per
503 396 657 425 naturam,
685 388 822 429 inquam,
849 387 951 417 adhuc
976 386 1132 416 intellectu

294 432 501 472 formandam)
519 432 632 462 formas
654 443 727 472 ergo
742 429 877 472 possidet
899 429 991 460 intus.
1039 429 1131 466 Quod

295 487 368 506 vero
382 475 564 505 intrinsecus
579 483 607 505 et
624 473 802 504 naturaliter
816 472 999 515 possidetur,
1012 483 1072 502 non
1088 480 1133 502 est

296 518 513 561 pervagatione
523 517 737 559 qurerendum.
764 516 794 546 Si
808 527 880 557 ergo
893 523 1002 545 natura
1017 515 1132 556 absque

298 561 360 592 ullo
375 561 488 591 consilii
506 560 672 591 ministerio
685 558 840 589 materiam
854 558 997 588 continue
1010 558 1131 594 format,

298 604 396 635 multo
412 603 507 645 magis
523 614 608 633 mens
625 610 764 632 naturam
787 600 842 631 sibi
859 601 1054 642 conjunctam
1070 601 1133 630 for-

299 655 362 678 mat
385 647 501 688 absque
520 645 654 681 consilio,
670 653 763 686 atque
779 643 918 673 vicissim.
964 642 1133 679 Conclude,

299 690 394 732 ipsam
411 701 466 732 per
482 696 709 719 momentaneos
731 693 818 716 actus
837 685 1054 715 discursionem
1072 697 1135 715 esse

299 733 415 774 ubique
437 731 553 773 aliquid
575 739 687 773 praeter
709 728 879 764 essentiam,
898 735 928 758 et
950 727 1135 758 accidentale

300 775 447 818 quiddam
474 773 717 805 coruscationum
744 772 838 802 instar
854 783 859 800 :
893 770 1035 812 deinceps
1059 770 1134 800 dum

301 827 428 861 apparet
444 829 498 860 per
513 825 614 859 partes
631 815 732 845 subito
747 824 938 850 evanescens,
955 813 1058 854 itaque
1074 824 1134 843 non

301 873 388 903 posse
404 873 458 903 per
473 872 503 890 se
519 860 605 889 firma
620 867 650 888 et
667 856 875 887 substantialia
895 856 1003 892 facere,
1021 856 1073 885 sed
1096 856 1135 886 ad

301 904 489 934 effectionem
503 901 651 943 ejusmodi
667 911 745 941 opus
761 911 824 929 esse
839 899 927 929 firma
942 906 971 929 et
986 898 1134 929 essentiali

302 954 420 978 natura>
443 945 567 976 alterius
590 943 729 974 efficacia.
777 942 825 972 sic
849 953 908 971 non
933 941 1136 978 solicitudine,

302 1001 361 1020 non
379 989 491 1023 labore,
504 987 554 1017 sed
570 986 719 1017 indefessa
735 984 888 1021 facilitate,
905 992 970 1014 tum
988 984 1139 1014 naturalia

302 1033 340 1063 ab
356 1033 419 1074 ipsa
437 1039 556 1066 natura,
570 1038 634 1060 tum
652 1036 769 1058 natura)
784 1027 898 1058 semina
913 1027 952 1057 ab
968 1026 1138 1067 intelligen-

302 1076 343 1106 tia
358 1074 564 1116 pullulabunt.
591 1071 750 1102 Conelude
767 1081 900 1100 rursum:
924 1070 1000 1100 sicut
1018 1070 1046 1099 in
1064 1070 1138 1100 ezelo

302 1118 403 1148 nativa
433 1116 487 1146 lux
517 1115 715 1155 caliditasque
749 1113 940 1144 stabilissima
969 1121 1136 1154 permanet,

302 1161 377 1191 dum
393 1158 649 1200 configurationes
664 1158 693 1187 iu
715 1157 779 1186 dies
801 1156 928 1187 circuitu
946 1164 1134 1186 conlimitan-

303 1212 370 1234 tur:
396 1203 436 1233 sic
453 1200 484 1232 iu
499 1202 560 1231 vita
576 1201 681 1231 mundi
698 1199 939 1241 intelligentiam,
953 1206 982 1229 et
998 1207 1136 1229 naturam

303 1247 332 1276 in
358 1246 419 1275 suis
444 1245 612 1275 rationibus
638 1254 825 1285 permanere,
850 1242 1059 1283 stabiliterque
1087 1254 1140 1284 per

303 1301 352 1320 eas
374 1290 501 1325 ellicere,
519 1288 609 1318 etiam
630 1287 652 1316 si
669 1286 737 1328 quis
760 1285 819 1316 illic
836 1285 881 1315 vel
900 1284 1077 1315 universalis
1094 1285 1139 1316 vel

304 1331 495 1374 particularis
510 1330 666 1361 discursus
680 1338 799 1369 agatur.
833 1331 936 1365 Quum
954 1340 1025 1358 vero
1041 1328 1140 1358 anima

304 1375 410 1406 mundi
436 1373 579 1409 secunda,
596 1373 625 1403 id
642 1380 697 1409 est,
715 1372 776 1402 vita
792 1371 933 1413 quiedam
952 1382 1006 1412 per
1022 1384 1052 1401 se
1068 1371 1141 1401 irra-

305 1418 434 1454 nonalis,
463 1417 502 1448 ab
529 1415 723 1447 intellectuali
755 1414 861 1444 numdi
891 1414 991 1444 anima
1021 1415 1140 1455 corpori

304 1460 462 1491 mundano
478 1460 593 1490 tributa
615 1459 653 1489 sit
677 1458 817 1488 ultimum
841 1457 1003 1497 vestigium
1025 1457 1141 1487 ‹livino-

307 1516 385 1540 rum,
403 1503 600 1544 similiterque
624 1501 737 1531 semina
761 1500 844 1531 velut
869 1500 975 1530 ultima
998 1500 1140 1541 quzcdam

306 1547 431 1587 vestigia
456 1545 607 1588 possideat
630 1545 779 1579 idearum,
798 1543 939 1573 nimirum
956 1551 985 1573 et
1007 1543 1143 1573 mundus

305 1602 342 1620 ex
358 1590 414 1620 hac
430 1589 490 1620 vita
507 1599 695 1630 corporeque
718 1587 904 1628 compositus
928 1586 1016 1627 longe
1031 1598 1048 1616 a
1065 1586 1141 1616 divi-

307 1633 401 1663 nitatc
416 1632 597 1673 degenerat:
624 1638 651 1661 et
669 1642 748 1671 sa¹pe
764 1638 828 1660 tum
847 1629 959 1659 semina
977 1641 1030 1659 sua
1047 1629 1141 1671 impe-

306 1676 363 1707 diri
380 1675 524 1705 videntur
546 1675 575 1704 in
596 1685 698 1716 opere,
716 1681 780 1703 tum
805 1672 915 1702 animal
932 1672 1081 1713 ejusmodi
1105 1672 1143 1702 ad

307 1719 463 1761 superiora
472 1718 614 1748 collatum
627 1716 781 1746 videbitur
792 1716 1013 1757 imperfectum.
1030 1716 1145 1748 Quam-

308 1762 352 1792 vis
375 1761 453 1792 enim
478 1768 626 1803 perpetua
647 1759 780 1801 quadam
803 1758 1014 1788 intellectualis
1036 1758 1145 1788 animm

307 1817 370 1835 suae
391 1804 551 1846 prasentia
574 1803 764 1833 mundanum
790 1802 846 1831 boe
869 1801 978 1831 animal
1004 1812 1143 1831 mansue<

309 1856 372 1878 tum
397 1856 490 1889 atque
513 1847 636 1876 beatum
662 1845 719 1875 dici
743 1845 847 1886 possit,
872 1852 972 1874 tamen
998 1844 1142 1885 quoniam

308 1891 390 1921 aliud
407 1899 437 1921 ct
453 1889 602 1931 posterius
625 1897 668 1918 est
688 1888 744 1918 boe
767 1887 888 1921 animal,
905 1898 997 1928 quam
1014 1887 1145 1917 intellec-

310 1934 399 1964 tualis
414 1933 524 1969 anima,
537 1932 670 1973 cogitare
687 1931 753 1961 licet
770 1931 900 1960 animam
918 1931 1012 1972 ipsam
1029 1930 1068 1960 ab
1083 1930 1145 1959 ani-

311 1976 379 2006 mali
403 1977 590 2017 seiunctam:
615 1974 698 2016 quod
723 1973 811 2004 Plato
832 1974 860 2003 in
883 1973 1022 2010 l'olitico,
1040 1973 1068 2002 in
1087 1973 1144 2003 Ti-

311 2030 398 2054 mzeo,
414 2019 443 2048 in
462 2018 600 2060 Legibus
615 2016 771 2059 cogitavit.
810 2016 868 2046 Dic
884 2028 951 2057 age,
968 2016 1058 2057 quale
1075 2027 1145 2045 mox

311 2062 451 2092 futurum
475 2059 647 2091 sitvastum
666 2060 721 2090 hoc
736 2059 844 2090 animal
862 2068 955 2101 atque
972 2058 1144 2089 robustissi-

311 2116 395 2134 mum
413 2103 538 2134 sublatis
554 2103 762 2143 intelligentia²
778 2102 903 2132 frwnis?
929 2103 1059 2132 Ferrum
1077 2101 1146 2143 qui-

311 2147 392 2183 dem,
408 2147 462 2177 etsi
480 2158 559 2176 nunc
576 2146 717 2186 ignitum,
731 2149 829 2175 aerem
847 2157 981 2186 quoque,
995 2144 1049 2175 etsi
1067 2156 1147 2175 nunc

312 2190 508 2225 luminosum,
536 2198 635 2219 tamen
667 2188 821 2230 appellare
849 2199 1010 2229 possumus
1039 2196 1149 2217 natura

311 2232 458 2274 frigidum
481 2240 509 2262 ct
533 2232 706 2262 obscurum.
752 2232 831 2261 Nam
857 2240 886 2261 et
912 2231 1026 2260 ferrum
1054 2230 1147 2272 paulo

311 2283 380 2317 post
396 2275 592 2316 frigiditatem
610 2286 707 2308 suam.
723 2282 751 2304 ct
768 2278 819 2304 aer
834 2274 1051 2304 obscuritatem
1075 2284 1145 2303 mox

312 2317 470 2348 manifeste
484 2317 626 2347 declarat.
653 2317 723 2347 Tali
739 2317 871 2358 quadam
888 2316 1061 2346 conditione
1078 2315 1147 2346 l'lo-

312 2361 394 2392 tinus
417 2360 605 2390 mundanum
623 2360 678 2390 hoc
695 2359 805 2390 animal
821 2360 906 2401 quasi
924 2360 1009 2389 ferox
1026 2359 1148 2389 videtur

312 2404 464 2445 effingere.
512 2403 610 2443 Finge
633 2410 661 2433 et
686 2410 718 2432 tu
743 2403 919 2443 sapientem,
937 2402 959 2431 si
979 2402 1088 2444 placet,
1105 2401 1148 2431 vi-

313 2458 393 2484 rum,
407 2457 533 2487 corpore
550 2445 675 2474 nimium
693 2444 842 2474 cholerico
858 2445 903 2474 vel
921 2444 1147 2479 melancholico,

313 2488 475 2530 introspice
490 2487 624 2529 corporis
640 2487 862 2523 habitudinem,
879 2487 1017 2528 inspicies
1037 2487 1147 2517 animal

312 2533 370 2563 hoc
393 2531 450 2562 sub
473 2531 575 2561 animo
597 2530 731 2571 sapiente
747 2529 833 2570 quasi
857 2530 959 2559 framis
980 2530 1148 2560 cohibitum

313 2575 446 2617 quietem
461 2585 562 2615 agere,
576 2579 832 2612 mansuetumque
844 2571 950 2608 videri,
964 2572 1015 2602 sed
1028 2573 1147 2602 interim

313 2617 537 2660 paratissimum
560 2615 598 2645 ad
621 2614 900 2645 excandescentiam
924 2622 1017 2655 atque
1039 2626 1148 2645 moero-

314 2672 390 2691 rem:
409 2672 443 2691 ac
459 2660 482 2690 si
498 2658 698 2700 sanguineum
712 2657 814 2693 fuerit,
826 2656 864 2686 ad
878 2656 1044 2694 libidinem,
1056 2669 1147 2698 quam

314 2703 439 2746 quidem
465 2701 652 2733 affectionem
680 2701 733 2730 ctsi
761 2699 915 2741 vigilando
941 2699 1004 2736 vix,
1032 2699 1149 2730 facilius

744 158 1170 200 ARGUMENTUM
1202 157 1430 198 MARSIL.
1463 158 1493 196 F
1499 157 1567 197 IC.

1176 264 1277 287 tamen
1292 256 1322 286 in
1340 255 1462 286 somniis
1477 255 1603 285 indicat:
1622 254 1682 285 tale
1694 254 1788 284 ferme
1804 253 1914 285 animal
1931 255 2012 296 finge

1175 299 1378 337 mundanum,
1393 310 1430 329 ex
1446 298 1516 340 igne
1532 306 1678 339 tanquam
1695 297 1755 327 bile
1771 308 1957 339 propensum
1973 297 2011 328 ad

1174 342 1363 372 iracundiam
1379 349 1472 383 atque
1490 341 1675 383 superbiam,
1691 352 1728 370 ex
1746 348 1825 370 terra
1841 339 1924 371 velut
1947 348 2013 371 atra

1176 385 1236 415 bile
1261 385 1386 426 pronius
1411 384 1450 414 ad
1476 395 1654 414 moerorem:
1679 395 1716 414 ex
1742 387 1809 414 a‘e‘re
1836 383 1923 424 quasi
1948 394 2014 413 san-

1174 428 1267 469 guine
1294 427 1332 457 ad
1360 427 1513 457 lasciviam
1537 433 1566 457 et
1594 426 1762 463 libidinem,
1786 437 1822 456 ex
1846 437 1926 467 aqua
1949 433 2015 456 tan-

1175 482 1267 512 quam
1284 470 1395 512 pituita
1410 469 1575 512 proclirius
1596 469 1633 500 ad
1652 477 1817 511 torporem,
1834 480 1871 499 ex
1889 468 2015 499 materia

1177 513 1284 554 prima,
1301 525 1372 554 quae
1395 513 1484 554 quasi
1505 513 1565 543 faex
1590 512 1731 553 quasdam
1756 520 1801 542 est
1824 511 2015 542 naturalibus

1177 556 1346 592 subsidens,
1377 556 1428 586 tibi
1454 563 1592 586 occurret
1617 566 1755 585 amarum
1782 554 1894 595 pariter
1921 561 2014 596 atque

1177 610 1254 628 acre.
1302 600 1377 629 Faex
1402 599 1481 628 enim
1505 598 1544 628 ob
1568 597 1730 628 siccitatem
1754 597 2015 639 frigiditatemque

1178 648 1207 671 et
1223 652 1325 671 amara
1340 649 1370 671 et
1385 641 1471 671 acida
1486 641 1649 682 cogitatur.
1692 640 1855 670 videbitur
1870 651 1943 681 ergo
1958 640 2015 670 hoc

1178 683 1289 714 animal
1302 691 1366 714 tum
1379 695 1416 714 ex
1429 684 1546 714 viribus
1556 683 1772 725 grandioribus
1784 682 2015 719 ferocissimum,

1179 732 1243 756 tmn
1269 738 1305 756 ex
1329 727 1455 757 materia
1477 727 1575 768 inops,
1597 734 1627 756 et
1649 725 1841 768 pusillanime
1865 725 1964 759 nimis,
1986 733 2017 756 et

1179 768 1328 805 invidum,
1353 777 1383 799 et
1405 769 1444 800 de
1465 769 1581 799 vilitate
1608 781 1642 799 ac
1667 768 1870 799 mutabilitate
1892 768 2017 810 propria

1179 811 1352 852 querulum.
1400 812 1543 853 Denique
1565 811 1667 842 mirari
1684 812 1747 853 jam
1765 811 1883 841 desines
1897 823 1934 841 ex
1951 810 2015 842 ani-

1179 854 1250 883 mali
1267 854 1308 884 sic
1323 854 1442 891 affecto,
1456 855 1485 884 in
1503 867 1565 896 quo
1581 866 1640 885 non
1653 854 1753 885 omnia
1770 854 1829 884 sint
1844 853 1882 884 ad
1896 861 2015 891 votum,

1180 896 1277 926 multa
1292 897 1380 927 etiam
1398 897 1533 928 accidere
1549 897 1614 928 aliis
1630 905 1741 939 praeter
1757 905 1872 927 votum.

1187 983 1262 1010 Unde
1278 984 1348 1009 mala
1363 995 1370 1009 .·
1394 985 1463 1010 unde
1479 985 1566 1010 omnia
1581 996 1588 1010 :
1613 988 1664 1011 tres
1683 984 1730 1010 sul)
1747 985 1812 1011 bono
1828 986 1908 1011 totius
1929 984 2015 1020 artifi-

1441 1034 1481 1051 ecs
1494 1036 1502 1050 .·
1526 1026 1617 1050 mundi
1632 1028 1756 1059 quatuor.

1225 1071 1361 1101 XVIII.
1388 1071 1425 1101 In
1444 1071 1551 1101 ultimo
1567 1070 1634 1101 libri
1653 1071 1761 1112 capite,
1778 1071 1877 1113 primo
1892 1070 2016 1113 quidem

1181 1114 1313 1144 breviter
1329 1113 1526 1155 prosequitur
1542 1115 1691 1144 malorum
1707 1125 1827 1144 eausam
1849 1126 1885 1144 ex
1905 1125 2020 1161 praeee-

1182 1157 1326 1187 dentibus
1348 1156 1493 1187 ‹n‘icntem
1518 1156 1628 1186 deinde
1651 1168 1757 1186 causas
1782 1157 1913 1187 univers¹
1935 1168 2018 1187 com-

1183 1199 1354 1242 prehendit.
1402 1201 1502 1229 Causa
1528 1211 1598 1229 vcro
1621 1199 1782 1235 malorum,
1797 1199 1891 1230 altera
1914 1211 2018 1230 conse-

1183 1242 1318 1284 quentiae
1334 1242 1459 1279 ratione,
1476 1242 1571 1272 altera
1586 1242 1701 1272 ratione
1717 1242 1784 1272 finis
1798 1242 2018 1273 consideratur.

1186 1287 1265 1316 Nam
1290 1285 1366 1315 sicut
1389 1285 1427 1315 ad
1447 1285 1561 1315 bonum
1587 1286 1685 1327 majus
1707 1285 1904 1326 consequitur
1919 1285 2021 1316 minus

1184 1328 1311 1365 bonum,
1328 1340 1513 1369 rursumque
1529 1328 1566 1358 ad
1584 1328 1684 1358 minus
1700 1327 1791 1369 longo
1807 1328 1914 1358 ordine
1935 1328 2022 1358 mini-

1185 1383 1283 1401 mum:
1302 1371 1342 1401 sie
1354 1379 1384 1401 et
1400 1371 1437 1401 ad
1455 1371 1614 1401 minimum
1631 1370 1709 1401 mala
1720 1371 1912 1412 contingunt.
1938 1372 2022 1402 Prae-

1186 1423 1267 1445 terea
1289 1422 1366 1444 sicut
1390 1425 1419 1444 m
1439 1421 1589 1444 concentu
1614 1425 1729 1444 musmo
1750 1421 1860 1456 quarta
1874 1425 1944 1451 vox,
1960 1414 2022 1444 imo

1185 1465 1215 1487 et
1238 1456 1371 1487 secunda
1385 1465 1415 1487 ct
1437 1457 1575 1499 septima,
1591 1468 1662 1498 qua¹
1686 1468 1818 1487 seorsum
1839 1468 1898 1487 non
1915 1468 2020 1488 conso-

1186 1508 1304 1537 narent,
1322 1512 1382 1530 una
1404 1512 1473 1530 cum
1493 1499 1730 1530 consonantibus
1752 1499 1914 1541 gratiorem
1931 1500 2023 1530 confi-

1186 1543 1271 1573 ciunt
1286 1543 1531 1573 consonantiam:
1557 1543 1597 1573 sic
1613 1542 1642 1572 in
1659 1542 1765 1572 ordine
1785 1554 1885 1573 rernm
1906 1543 2022 1573 minora

1187 1586 1266 1616 bona
1292 1598 1361 1616 cum
1391 1585 1569 1627 majoribus,
1596 1585 1721 1615 minima
1747 1597 1815 1615 eum
1842 1585 2021 1623 minoribus,

1188 1629 1265 1659 mala
1282 1640 1351 1659 cum
1369 1628 1500 1658 minimis
1522 1629 1636 1658 bonum
1655 1628 1748 1658 totius
1769 1639 1931 1659 commune
1953 1628 2021 1659 red-

1188 1672 1265 1702 ‹luut
1289 1671 1507 1702 admirabilius.
1554 1671 1635 1709 Quid
1657 1673 1750 1701 vcro?
1775 1671 1877 1708 Quod,
1898 1682 1969 1713 quae
1992 1671 2022 1701 in

1188 1715 1245 1745 hoc
1260 1722 1313 1745 aut
1329 1715 1366 1745 ad
1386 1714 1441 1744 boe
1460 1714 1538 1744 mala
1555 1714 1708 1750 videntur,
1724 1714 1829 1744 eadem
1846 1714 1875 1744 in
1891 1714 1952 1751 illo,
1969 1722 2023 1745 aut

1188 1758 1226 1787 ad
1250 1757 1325 1788 illud
1350 1770 1413 1787 esse
1436 1758 1515 1787 bona
1539 1757 1680 1799 reperias,
1697 1765 1807 1787 cuncta
1829 1757 1961 1799 denique
1984 1757 2022 1787 ad

1187 1812 1348 1831 commune
1363 1800 1541 1830 conducunt
1559 1799 1688 1830 universi
1705 1800 1830 1830 bonum.
1868 1800 1942 1830 Post
1958 1800 2023 1831 haec

1189 1852 1248 1874 tres
1268 1843 1374 1873 mnndi
1393 1843 1478 1885 ponit
1499 1843 1637 1873 artifices.
1686 1843 1823 1873 Primum
1840 1842 1964 1884 quidem
1980 1843 2025 1873 in-

1189 1886 1342 1917 tellectum
1365 1886 1524 1916 divinum:
1550 1885 1717 1916 secundum
1741 1897 1814 1916 vero
1835 1885 2023 1916 intellectum

1188 1929 1347 1960 animalem
1379 1929 1572 1970 animamque
1603 1928 1835 1959 intellectualem
1853 1941 1859 1958 2
1899 1928 2023 1959 tertium

1189 1972 1297 2002 anima·
1320 1972 1413 2013 hujus
1436 1972 1610 2011 imaginem,
1627 1971 1655 2001 id
1673 1980 1729 2007 cst,
1745 1972 1849 2008 vitam,
1866 1971 1937 2002 inde
1958 1983 2023 2002 eor-

1190 2015 1254 2057 pori
1272 2015 1452 2045 dedicatam.
1500 2017 1567 2052 Qua
1585 2015 1614 2044 in
1636 2026 1678 2051 re,
1695 2022 1770 2045 teste
1787 2013 1930 2051 Proculo,
1947 2015 2023 2045 Por-

1190 2058 1317 2100 phyrius
1340 2070 1408 2087 cum
1428 2057 1551 2087 Plotino
1573 2057 1731 2087 consentit.
1778 2057 1837 2087 Sed
1854 2069 1909 2088 cur
1924 2058 2024 2099 ipsum

1190 2101 1304 2131 bouum
1323 2112 1381 2131 non
1397 2108 1480 2130 vocat
1498 2101 1667 2131 artificem?
1697 2100 1848 2137 Quoniam
1866 2100 1896 2130 in
1912 2100 2025 2131 artifice

1191 2155 1318 2186 operum
1335 2143 1520 2185 exenqilaria
1537 2152 1616 2173 sunt.
1644 2145 1689 2173 At
1706 2143 1734 2173 in
1751 2143 1817 2185 ipso
1832 2143 1913 2174 bono
1928 2154 2024 2185 quum

1192 2187 1228 2217 sit
1254 2187 1352 2217 unitas
1376 2186 1605 2228 simplicissima,
1625 2186 1781 2228 exemplar
1801 2185 1919 2223 mundi,
1941 2185 2024 2228 quod

1191 2238 1236 2260 est
1262 2229 1433 2270 multiplex,
1457 2229 1603 2259 collocare
1628 2240 1687 2259 non
1715 2229 1824 2260 audet:
1850 2229 1901 2259 scd
1925 2228 2023 2270 ipsum

1191 2273 1306 2302 bonum
1325 2272 1414 2302 Plato
1432 2271 1635 2313 Plotinusque
1651 2272 1808 2302 nominant
1824 2279 1888 2302 tum
1905 2271 2025 2302 artificis

1191 2315 1339 2345 mundani
1352 2322 1552 2356 patrem,tum
1567 2315 1714 2345 mundani
1724 2314 1823 2357 operis
1836 2315 1937 2345 finem:
1952 2325 2025 2355 qua-

1192 2359 1213 2388 si
1232 2358 1312 2388 filins
1332 2369 1434 2388 amore
1454 2358 1573 2399 paterni
1594 2358 1664 2388 boni
1686 2369 1858 2399 praegnans,
1874 2356 2025 2387 mundum

1192 2409 1328 2443 procreet
1340 2401 1439 2442 gratia
1452 2401 1535 2437 boni,
1546 2408 1575 2430 et
1589 2400 1758 2431 conformet
1772 2400 1810 2430 ad
1823 2400 1946 2430 bonum.
1972 2400 2025 2440 Ip-

1192 2456 1258 2474 sum
1282 2444 1386 2485 itaque
1408 2444 1523 2474 bonum
1547 2443 1780 2474 intellectualem
1796 2449 1921 2484 generat
1937 2453 2025 2472 mun-

1192 2487 1284 2517 dum:
1310 2486 1358 2516 hic
1374 2498 1445 2516 vero
1461 2494 1600 2528 procreat
1619 2486 1795 2516 animalem:
1820 2485 1868 2515 hic
1890 2483 2026 2515 similiter

1193 2529 1360 2560 naturalem
1379 2541 1384 2559 :
1419 2529 1565 2559 naturalis
1594 2540 1666 2559 vero
1696 2538 1884 2570 corporeum.
1934 2526 2025 2557 Alius

1192 2579 1294 2603 autem
1319 2572 1359 2602 sic
1382 2572 1477 2602 ferme
1500 2583 1536 2602 ex
1560 2571 1619 2602 alio
1637 2571 1774 2613 profluit,
1792 2570 1870 2600 sicut
1892 2569 1922 2599 in
1945 2581 2026 2610 aqua

1191 2615 1323 2646 circulus
1344 2614 1496 2657 dependet
1512 2626 1529 2644 a
1544 2613 1673 2645 circulo:
1698 2621 1727 2643 et
1750 2612 1825 2642 sicut
1841 2623 1878 2642 ex
1894 2611 1961 2642 luce
1976 2612 2025 2642 lu-

1192 2669 1272 2694 men,
1289 2669 1325 2688 ex
1343 2657 1457 2687 lumine
1480 2656 1633 2699 splendor,
1648 2667 1684 2686 ex
1701 2654 1860 2696 splendore
1880 2654 1971 2691 calor,
1989 2667 2024 2685 cx

1192 2700 1291 2731 calore
1305 2700 1461 2742 generatio
1476 2698 1625 2741 provenit.
1663 2697 1840 2728 Intellectus
1855 2697 1979 2739 quidem
1995 2698 2026 2728 in
