2201 2990
602 131 664 172 IN
686 130 793 169 LIB.
816 130 888 168 VI.
914 127 1168 167 ENNEAD.
1192 127 1408 167 PRIMAE.

188 240 244 264 tute
265 233 438 262 intellectuali
458 235 503 262 est,
524 234 555 256 ut
576 230 648 256 color
670 229 767 263 aliquis
791 228 973 254 lucidissimus.

187 275 363 304 Pulchritarlo
374 273 467 299 animoe
480 271 580 297 scilicet
591 271 618 296 in
627 270 725 296 virtute
736 269 832 295 morali
845 271 883 294 est
898 268 974 303 quasi

202 325 280 351 gara.

185 373 223 402 V.
248 372 325 401 Cum
343 366 549 410 pulchritudo,
560 365 591 396 id
603 372 658 402 est,
669 362 851 399 formositas,
868 362 905 392 sit
916 361 971 393 flos

143 416 206 456 ipse
221 421 250 444 et
266 412 362 454 vigor,
371 417 401 441 et
416 409 514 452 gratia
526 409 643 445 formae,
657 414 738 438 certe
754 405 879 436 materia
894 405 971 436 sicut

142 464 185 488 cst
215 454 383 486 informitas
404 453 478 495 ipsa,
503 452 544 482 sic
573 458 617 481 est
639 458 668 480 et
697 450 762 491 ipsa
784 448 969 479 deformitas.

143 499 227 530 Huic
242 509 314 540 ergo
330 495 506 527 deformitas
521 494 644 536 quidem
662 500 706 523 est
722 491 886 522 naturalis:
905 491 971 533 pul-

141 541 282 574 chritudo
292 551 363 570 vero
375 539 407 569 fit
424 538 593 580 peregrina,
607 543 759 578 quatenus
771 534 896 565 materia
911 535 972 565 for-

141 596 221 616 mam
243 583 351 625 accipit
374 581 506 612 aliunde.
552 580 612 610 Sed
637 579 745 610 animze
771 585 876 608 contra
905 577 971 619 pul-

141 626 282 659 chritudo
311 625 435 668 quidem
465 624 568 654 nativa
597 630 661 653 est:
689 621 833 663 quoniam
864 628 972 662 suapte

141 677 250 701 natura
268 676 312 699 est
332 679 402 699 vera
418 668 525 703 forma,
542 666 573 696 id
596 673 651 702 est,
667 672 753 695 actus
771 663 880 705 aliquis
895 664 924 693 in
941 676 972 694 se

139 713 314 745 consistens.
360 712 440 741 Nam
462 709 587 751 reliquae
602 709 709 739 formae
721 707 778 738 sub
793 707 894 737 anima
908 707 971 737 for-

140 756 286 787 mationes
308 754 449 796 quiedam
473 752 574 794 potius
597 758 679 789 suut,
696 761 789 793 quam
805 750 923 787 formae,
940 750 971 780 id

140 807 195 836 est,
211 806 342 829 actloncs
353 808 462 827 ammae
474 807 504 826 1n
520 803 693 826 materiam:
713 806 748 824 ac
764 805 893 824 VlClssml
910 805 972 824 ma-

139 842 222 873 teriae
240 840 402 883 passiones.
446 838 570 869 Animae
592 838 687 880 igitur
709 836 881 867 formositas
902 836 970 878 qui-

139 885 208 916 dem
227 891 271 915 cst
294 882 449 919 naturalis,
465 881 642 912 deformitas
658 879 837 911 adventitia.
884 880 970 910 Sicut

138 928 218 959 enim
240 926 376 963 materia,
399 925 472 955 dum
496 924 623 955 formale
649 923 786 954 nonnihil
809 929 969 953 mutuatur

137 971 176 1002 ab
192 970 302 1006 anima,
312 969 375 999 fieri
390 968 522 999 formosa
530 967 664 1005 videtur,
678 967 719 997 ita
729 966 856 996 vicissim
869 966 970 997 anima

137 1014 211 1044 dum
234 1013 363 1044 informe
384 1011 500 1053 aliquid
526 1010 634 1052 accipit
658 1022 676 1040 a
697 1009 833 1045 materia,
856 1010 890 1039 fit
913 1009 967 1039 de-

138 1056 253 1088 formis.
300 1054 418 1097 Accipit
432 1062 533 1084 autem
555 1060 706 1095 quatenus
729 1060 757 1083 et
781 1052 891 1083 affectu
908 1064 971 1083 eor-

138 1099 203 1142 pori
216 1099 306 1135 cedit,
320 1106 350 1128 et
365 1097 536 1139 cognitione
548 1096 695 1127 coneedit.
734 1096 763 1125 N
767 1107 805 1125 on
816 1107 889 1137 ergo
900 1096 969 1125 novi

137 1142 272 1174 muneris
298 1140 523 1182 comparatione
551 1139 684 1182 quadam
714 1139 833 1169 animus
869 1139 971 1169 evadit

138 1186 275 1228 pulcher,
299 1184 351 1215 sed
374 1183 556 1226 purgatione
578 1183 650 1220 sola,
674 1194 735 1223 qua
758 1182 787 1211 in
810 1181 968 1223 pristinam

138 1229 316 1260 restituatur
332 1235 472 1257 naturam
486 1239 491 1256 2
516 1226 546 1256 in
564 1237 625 1267 qua
641 1237 695 1255 sua
711 1225 810 1266 ipsum
826 1225 968 1255 fornmvit

138 1272 205 1302 idea
218 1284 226 1307 ;
251 1269 482 1311 intellectusque
497 1269 635 1299 divinus:
658 1268 746 1310 eujus
760 1267 884 1309 quidem
901 1268 968 1309 pul-

137 1314 280 1345 chritudo
295 1321 339 1343 est
353 1313 438 1354 quasi
455 1312 556 1342 lumen
570 1324 576 1341 t
601 1311 772 1342 intellectus
788 1322 858 1340 vero
875 1311 966 1341 nostri

137 1357 335 1400 pulchritudo
344 1356 414 1386 inde
424 1366 550 1385 manans
565 1354 775 1385 intellectualis
788 1354 883 1384 virtus
898 1366 968 1395 eog-

138 1401 301 1435 nominata,
325 1406 368 1429 est
391 1398 476 1440 quasi
506 1398 588 1428 color
609 1397 719 1439 aliquis
744 1397 964 1427 lucidissimus:

137 1443 189 1474 sed
205 1441 402 1485 pulchritudo
418 1441 539 1471 moralis
554 1441 624 1471 hinc
639 1448 669 1471 et
688 1440 758 1470 inde
773 1440 908 1482 profecta
923 1448 967 1470 est

136 1498 222 1528 quasi
239 1487 344 1527 ligura.

139 1571 228 1597 Virtus
253 1574 277 1596 vt
296 1570 469 1605 pulchritudo
494 1571 520 1595 in
540 1569 628 1595 (ιηὶιηο
651 1572 689 1594 est
714 1568 866 1594 nonnulis:
889 1571 969 1602 atquc

175 1612 232 1646 ipsa
247 1620 295 1637 sua
315 1611 420 1646 paritas
441 1611 529 1636 animo
546 1610 690 1635 restituta:
712 1610 749 1635 sic
772 1609 841 1634 illico
860 1612 884 1634 el
905 1609 966 1644 yml-

175 1652 325 1678 chritmliue
343 1651 437 1677 (livinae
451 1651 545 1676 mentis
562 1649 697 1685 effulgens,
715 1653 739 1675 et
756 1650 810 1684 ipso
826 1648 966 1685 bonofeli—

173 1691 385 1727 etesimefrmws.
420 1691 486 1717 Item
499 1689 701 1726 primaforma,
711 1691 800 1725 prima
816 1698 895 1721 meus,
906 1690 965 1724 pri-

172 1742 243 1758 mum
258 1741 302 1757 eus
314 1735 351 1757 est
366 1732 441 1757 idem.

176 1787 233 1817 VI.
258 1786 429 1827 Antiquum
438 1785 595 1816 oraculum
608 1792 637 1816 et
651 1796 668 1815 a
685 1784 813 1815 Platone
829 1784 858 1814 in
876 1784 965 1815 Pha·-

132 1829 221 1866 done,
238 1838 267 1860 et
289 1841 307 1859 a
331 1829 452 1859 l‘lotino
475 1829 523 1859 hic
542 1828 723 1866 adductum,
739 1827 843 1863 tradit,
866 1827 963 1858 virtu-

133 1880 192 1902 tem
212 1884 331 1902 omnem
348 1879 408 1902 tam
432 1871 675 1906 intellectualem,
693 1882 785 1912 quam
809 1870 963 1908 moralem,

132 1926 194 1945 esse
222 1915 460 1956 purificationem
483 1914 637 1956 quandam
663 1921 756 1955 atque
787 1913 961 1955 puritatem.

134 1957 225 1994 Quod
242 1958 280 1988 de
296 1957 522 1999 pulchritudine
545 1969 669 1999 quoque
690 1957 747 1987 sub
763 1956 884 1987 virtutis
907 1968 961 1987 no-

133 2000 212 2030 mine
234 2000 348 2031 dictum
370 2009 463 2042 puta:
488 2000 574 2042 quasi
591 2001 687 2031 virtus
703 1999 962 2042 pulchritud‹)‹pie

132 2043 232 2073 animo
248 2043 284 2073 sit
307 2044 424 2074 nativa:
450 2043 611 2085 turpitudo
625 2055 697 2073 vero
713 2051 742 2073 et
763 2043 896 2082 pravitas
913 2055 962 2084 pe-

132 2086 262 2125 regrina.
306 2086 439 2116 Animus
467 2086 569 2128 itaque
593 2098 611 2116 a
639 2086 790 2128 corporeis
820 2085 960 2116 sordibus

131 2136 319 2169 expurgatus
334 2140 392 2158 non
409 2129 505 2159 solum
518 2129 644 2170 pulcher
657 2130 702 2165 fit,
716 2129 766 2159 sed
783 2129 871 2159 etiam
890 2129 959 2170 pul-

131 2171 284 2208 chritudo,
300 2171 330 2201 id
347 2179 401 2208 est,
417 2172 514 2202 forma
528 2184 582 2214 per
596 2184 625 2202 se
641 2172 782 2209 existens,
794 2172 959 2213 idealisque

132 2214 369 2255 ratioquzedam,
383 2221 412 2244 ct
427 2214 520 2244 divini
533 2215 636 2245 vultus
648 2215 816 2256 expressio:
835 2215 960 2256 quando

132 2256 270 2286 videlicet
285 2268 319 2287 ex
339 2257 438 2287 animo
460 2257 597 2288 rationali
616 2257 836 2291 intellectualis,
856 2265 886 2288 et
910 2258 956 2288 in-

131 2300 268 2330 tellectus
290 2299 401 2329 evadit.
446 2300 549 2330 Prima
571 2312 701 2342 namque
723 2300 894 2331 formositas
913 2309 958 2331 est

130 2342 296 2373 seeundum
316 2342 455 2379 fornmm,
472 2342 524 2372 ubi
545 2350 589 2373 est
608 2344 705 2384 prima
721 2344 834 2374 forma:
860 2344 957 2374 forma

129 2397 201 2416 vero
217 2385 313 2426 prima
333 2392 377 2415 est
397 2384 576 2416 intellectus.
622 2387 734 2416 Forma
756 2386 834 2416 enim
859 2387 956 2428 prima

130 2428 288 2458 uniformis
310 2440 372 2458 esse
394 2427 484 2457 debet
506 2434 598 2469 atque
620 2429 817 2463 omniformis,
839 2437 869 2459 et
893 2430 957 2460 reli-

128 2482 258 2512 quarum
283 2470 368 2510 origo
383 2470 560 2500 formarum.
607 2471 691 2501 Sicut
713 2471 838 2501 materia
860 2472 957 2513 prima

127 2521 171 2544 est
188 2525 311 2556 prorsus
328 2513 464 2543 informis
480 2514 765 2555 receptaculumque
781 2514 956 2545 tbi-marum.

128 2557 214 2587 Talis
226 2564 328 2587 autem
345 2556 441 2586 solum
455 2555 623 2585 intellectus
636 2556 753 2597 primus
765 2568 828 2586 esse
844 2565 955 2598 potest:

127 2600 179 2640 qui
200 2600 288 2630 etiam
305 2607 347 2630 est
365 2610 416 2629 eus
433 2599 530 2640 ipsum
552 2598 693 2639 primum.
740 2599 770 2629 Si
791 2599 870 2629 enim
892 2600 957 2631 ubi-

127 2654 186 2684 que
207 2643 242 2672 sit
267 2654 330 2673 esse
350 2654 403 2684 per
419 2642 558 2678 formam,
576 2649 655 2671 certe
671 2653 723 2671 ens
738 2642 869 2683 primum
886 2655 954 2673 eum

127 2685 224 2727 prima
239 2686 336 2715 forma
358 2684 520 2727 conspirat.
567 2685 719 2715 l'iwtcrea
741 2683 817 2715 sicut
839 2685 867 2715 in
890 2697 954 2717 ma-

1803 140 1854 179 95

1019 224 1093 254 teria
1113 223 1250 253 naturale
1275 223 1388 253 malum
1413 234 1483 253 cum
1509 223 1638 253 naturali
1659 224 1852 256 deformitate

1016 266 1180 302 concurrit,
1198 266 1238 296 sic
1259 265 1289 295 in
1314 265 1412 307 primo
1428 273 1507 301 ente,
1525 265 1553 294 in
1571 265 1668 306 prima
1683 275 1783 297 mente
1801 279 1850 298 na-

1017 309 1113 340 tivum
1129 309 1255 345 bonum,
1272 308 1301 338 id
1326 316 1380 344 est,
1398 308 1567 338 boniformc
1588 319 1657 337 cum
1674 309 1775 339 nativa
1791 310 1850 340 for-

1015 352 1154 382 mositate
1174 351 1382 393 congreditur.
1428 352 1474 381 At
1490 362 1582 391 super
1596 362 1649 380 ens
1666 358 1694 380 ct
1719 360 1848 382 mentem

1014 395 1113 437 ipsum
1137 395 1264 430 bonum,
1280 394 1303 423 si
1326 393 1452 436 quando
1474 393 1539 435 ipsa
1563 393 1759 434 pulchritudo
1779 395 1850 425 dici-

1015 446 1075 474 tur,
1092 444 1238 479 tanquam
1254 438 1322 467 fons
1337 435 1574 479 pulchritudinis
1589 435 1768 476 intelligitur
1782 449 1787 466 :
1812 449 1847 467 ex

1014 493 1077 522 quo
1097 481 1267 511 intellectus
1283 490 1429 521 tanquam
1463 479 1548 509 ›rima
1563 479 1661 508 forma
1683 478 1850 520 pulchritu-

1014 524 1094 554 dinis
1109 524 1215 554 effluit.
1251 523 1310 553 Sed
1328 524 1366 553 ab
1378 491 1532 553 intellectu
1544 521 1644 551 anima
1655 521 1739 551 velut
1752 522 1849 563 prima

1015 567 1253 609 pulchritudinis
1270 565 1463 608 participatio
1479 565 1628 595 nascitur:
1653 571 1762 594 caetera
1779 577 1850 594 vero

1016 611 1073 641 sub
1088 610 1189 640 anima
1211 609 1374 640 secundam
1392 607 1630 651 pulchrittulinis
1646 607 1850 649 participatio-

1015 665 1095 691 nem,
1107 653 1288 694 tertiamque
1299 652 1441 694 deinceps
1456 651 1494 681 ab
1509 650 1611 681 anima
1622 650 1849 680 nanciscuntur.

1016 697 1159 737 Denique
1173 696 1303 727 animam
1321 696 1416 737 ipsam
1430 706 1493 725 esse
1509 702 1619 724 natura
1636 693 1794 735 pulchram
1807 702 1851 724 at-

1014 752 1075 782 que
1097 739 1243 776 divinam,
1260 738 1331 768 inde
1351 737 1538 779 etmjiciimis,
1555 736 1638 778 quod
1662 736 1692 766 in
1718 737 1850 778 corpori-

1013 783 1072 813 bus
1087 782 1127 813 ibi
1144 782 1298 824 praecipue
1314 780 1513 823 pulchritudo
1529 779 1671 821 refulget,
1690 779 1741 809 ubi
1765 779 1851 809 semi-

1014 838 1097 857 naria
1114 833 1209 856 Virtus
1228 836 1347 862 ammae,
1365 836 1428 854 sive
1446 835 1476 853 1n
1495 834 1635 853 universa
1652 830 1771 860 natura,
1789 834 1850 852 sive

1013 869 1043 900 in
1064 876 1173 899 natura
1194 868 1330 911 qualibet
1353 866 1505 909 sigillatim
1529 865 1700 908 subjectum
1725 865 1851 896 sortitur

1013 912 1165 943 obediens.

1016 1008 1152 1039 Quomodo
1172 1007 1223 1034 Dii
1245 1017 1261 1033 rc
1285 1006 1457 1033 Doemonz'bus
1478 1006 1688 1038 distingumAm,
1709 1013 1850 1040 eorumque

1055 1057 1166 1084 corpora
1186 1048 1334 1074 videantur.
1379 1047 1444 1072 Item
1467 1055 1511 1071 scu*
1529 1046 1694 1081 differentias
1714 1054 1766 1072 esse
1782 1046 1850 1071 inter

1053 1093 1185 1124 aspectum
1214 1089 1330 1118 deorum,
1357 1091 1382 1113 et
1407 1087 1559 1122 quw-meula
1581 1087 1736 1112 decanatum.
1783 1086 1849 1111 Con-

1054 1130 1137 1160 clude,
1152 1130 1174 1155 si
1189 1132 1265 1164 optas
1279 1129 1396 1154 ‹lizy-inam
1415 1127 1643 1162 pulclzritmlz'uem
1665 1126 1847 1161 contemplari,

1053 1173 1107 1195 exto
1119 1169 1231 1205 pulcher
1245 1172 1326 1204 atque
1340 1169 1453 1194 divinus.

1056 1225 1134 1255 VII.
1160 1225 1313 1254 Caeterum
1338 1223 1412 1253 nihil
1436 1234 1514 1264 opus
1536 1229 1581 1252 est
1604 1221 1752 1264 prolixius
1776 1221 1849 1251 Plo-

1012 1267 1065 1297 tini
1083 1275 1213 1298 mentem
1230 1265 1439 1308 interpretari:
1465 1265 1608 1306 quoniam
1630 1276 1722 1306 quam
1747 1264 1848 1295 divine

1012 1310 1164 1352 loquitur:
1189 1309 1326 1351 loquitur
1341 1317 1441 1339 autem
1456 1308 1660 1338 divinissime:
1679 1315 1739 1337 tam
1757 1308 1847 1338 etiam

1011 1353 1169 1395 perspicue
1184 1352 1321 1394 loquitur
1334 1365 1339 1382 :
1366 1351 1563 1382 Contendens
1580 1350 1695 1392 ubique
1710 1350 1845 1381 amnium

1011 1407 1070 1426 non
1093 1404 1153 1426 tam
1181 1395 1220 1426 ad
1246 1394 1507 1437 pulchritudinem
1532 1393 1708 1424 intuendam
1734 1394 1847 1434 perdu-

1011 1451 1087 1476 cere,
1104 1450 1196 1480 quam
1217 1438 1441 1480 possidendam.
1487 1437 1577 1474 Quod
1601 1444 1702 1467 autem
1720 1436 1758 1467 de
1774 1437 1846 1467 deo-

1012 1494 1079 1512 rum
1104 1483 1341 1523 dzemonumque
1365 1487 1490 1522 aspectu
1514 1480 1646 1510 breviter
1669 1479 1779 1515 innuit,
1804 1480 1844 1510 sic

1011 1525 1163 1567 intellige:
1189 1524 1262 1555 deos
1284 1524 1431 1566 signifieat
1461 1523 1651 1559 sublunares,
1675 1523 1844 1553 dwmones—

1012 1580 1072 1610 que
1088 1568 1234 1605 similiter,
1244 1575 1273 1598 et
1289 1567 1342 1609 qui
1355 1578 1480 1608 corpora
1491 1566 1650 1596 invisibilia
1667 1565 1845 1596 naturaliter

1011 1611 1152 1648 habeant,
1178 1611 1300 1652 sintque
1321 1611 1466 1641 benefici:
1491 1616 1521 1639 et
1545 1620 1764 1650 nonnunquam
1789 1620 1844 1639 suo

1009 1654 1143 1696 quodam
1159 1666 1232 1696 erga
1246 1666 1300 1684 nos
1316 1653 1463 1684 beneficio
1477 1665 1508 1683 se
1529 1652 1638 1682 nostris
1652 1651 1746 1682 oculis
1761 1659 1845 1694 pate-

1009 1697 1131 1728 faciant.
1176 1698 1259 1727 Deos
1285 1697 1333 1727 hic
1356 1708 1374 1726 a
1399 1695 1590 1726 dzemonibus
1615 1695 1655 1725 ita
1679 1694 1841 1735 distingue.

1011 1742 1047 1771 In
1065 1741 1131 1783 ipso
1145 1740 1270 1782 quidem
1283 1740 1411 1770 deorum
1428 1740 1495 1769 Deo
1507 1738 1700 1780 providentia
1714 1745 1758 1768 est
1778 1738 1843 1768 uni-

1009 1784 1131 1814 versalis
1145 1783 1286 1813 omnino:
1313 1794 1382 1813 nam
1398 1790 1428 1813 et
1443 1782 1595 1816 omnibus,
1612 1788 1641 1811 et
1657 1780 1757 1811 onmia
1774 1792 1841 1822 pro-

1008 1827 1101 1863 videt,
1128 1835 1220 1868 atque
1246 1826 1382 1868 largitur.
1429 1824 1618 1856 Universalis
1647 1824 1736 1854 etiam
1764 1836 1840 1865 quo-

1007 1870 1171 1900 dammodo
1191 1870 1221 1899 in
1243 1877 1344 1900 mente
1360 1868 1464 1899 divina
1478 1876 1508 1898 et
1523 1868 1623 1897 anima
1638 1866 1755 1897 mundi.
1803 1868 1840 1898 In

1006 1913 1064 1943 diis
1079 1925 1151 1943 vcro
1169 1912 1366 1954 sequentibus
1383 1912 1444 1941 sive
1459 1910 1623 1941 invisibiles
1644 1910 1713 1946 sint,
1730 1922 1781 1940 scu
1800 1911 1841 1940 vi-

1007 1956 1116 1991 sibiles,
1133 1955 1322 1998 providentia
1351 1953 1579 1997 quodammodo
1601 1953 1690 1984 etiam
1716 1953 1839 1983 univer-

1006 1999 1074 2029 salis
1089 2007 1145 2035 est,
1156 1998 1208 2029 sed
1224 1998 1397 2029 conditione
1409 1997 1542 2039 quadam
1556 1996 1738 2037 particulari,
1771 1997 1837 2026 Aut

1005 2042 1083 2072 enim
1110 2042 1199 2072 rebus
1222 2041 1364 2072 omnibus
1386 2052 1514 2071 munera
1535 2040 1619 2076 daut,
1637 2039 1689 2069 sed
1713 2051 1839 2069 munera

1004 2085 1157 2127 quaedam,
1181 2092 1235 2115 aut
1257 2085 1331 2115 dant
1355 2084 1479 2126 quidem
1504 2083 1616 2120 omnia,
1632 2082 1684 2112 sed
1708 2083 1836 2124 quihus-

1003 2129 1086 2159 dam.
1134 2129 1172 2159 In
1188 2127 1378 2158 claei110nibus
1398 2134 1501 2157 autem
1520 2125 1708 2168 providentia
1725 2133 1755 2156 et
1770 2137 1838 2167 par-

1004 2171 1137 2202 ticularis
1164 2179 1218 2207 est,
1244 2179 1273 2201 et
1302 2170 1475 2201 conditione
1503 2180 1625 2199 rursum
1653 2168 1835 2210 particulari.

1002 2215 1083 2245 Nam
1099 2222 1128 2245 et
1144 2221 1224 2244 certa
1247 2213 1389 2255 quaedam
1414 2224 1541 2242 munera
1556 2219 1687 2249 tantum,
1704 2219 1734 2242 ct
1749 2212 1837 2242 certis

1001 2257 1187 2299 quibusdam
1198 2268 1299 2287 rerum
1315 2255 1478 2298 generibus
1489 2255 1724 2296 regionibusque
1736 2255 1836 2285 distri-

1002 2301 1110 2331 buunt.
1157 2301 1267 2341 Neque
1284 2299 1361 2330 sicut
1382 2299 1423 2329 dii
1440 2306 1511 2328 sunt
1533 2298 1571 2328 ab
1588 2297 1670 2328 omni
1686 2298 1834 2339 passione,

1001 2343 1047 2374 vel
1071 2343 1283 2379 sollieitudine,
1308 2342 1356 2373 vel
1379 2342 1489 2372 affectu
1516 2341 1637 2383 penitus
1662 2340 1832 2382 segregati:

1000 2398 1069 2417 nam
1089 2386 1127 2417 ad
1144 2386 1209 2416 haec
1224 2385 1299 2427 ipsa,
1316 2397 1386 2427 qua„¹
1407 2392 1526 2422 curant,
1542 2384 1770 2425 quodammodo
1785 2383 1835 2413 de-

1000 2429 1112 2460 clinare
1127 2429 1282 2459 videntur.
1328 2427 1422 2459 Adde
1442 2435 1600 2469 praterea,
1617 2427 1700 2468 quod
1727 2438 1834 2457 unum-

1000 2484 1155 2514 quemque
1185 2472 1312 2503 deorum
1340 2471 1401 2501 sive
1431 2470 1611 2507 coelestium,
1633 2470 1694 2500 sive
1718 2470 1833 2499 subcoe-

1000 2515 1121 2546 lestium
1147 2515 1301 2546 daemones
1331 2514 1419 2544 multi
1448 2521 1620 2555 sequuntur
1650 2520 1683 2542 ut
1712 2512 1831 2542 ducem.

1003 2558 1063 2589 Sed
1085 2570 1219 2600 quonam
1244 2564 1344 2599 pacto,
1361 2557 1413 2598 qui
1438 2564 1548 2587 natura
1565 2555 1727 2586 invisibiles
1751 2562 1831 2589 sunt,

1000 2601 1165 2632 videntur?
1190 2602 1261 2631 Non
1276 2600 1354 2630 enim
1372 2607 1449 2642 puto
1464 2599 1569 2635 deum,
1583 2606 1634 2629 aut
1652 2598 1830 2631 damonem,

1002 2652 1035 2674 ut
1057 2656 1074 2674 a
1090 2644 1150 2674 tuis
1171 2643 1266 2674 oculis
1288 2642 1575 2684 comprehendamr,
1592 2650 1682 2671 tenue
1706 2640 1830 2669 nimium

999 2698 1163 2728 rarumque
1184 2697 1295 2727 corpus
1318 2697 1407 2716 suum
1432 2684 1599 2715 necessario
1622 2684 1650 2713 in
1674 2682 1832 2723 angustius
