2201 2990
922 120 990 153 DE
1020 120 1258 154 PLOTINO.
1848 125 1959 156 xxxix

224 226 316 270 apud
336 224 481 258 Petrum
501 222 664 258 Pernam,
685 221 791 256 1559.
811 218 870 252 fol.
905 218 1130 263 Argumenta
1148 219 1222 251 sive
1240 219 1483 252 commentarii
1503 219 1616 252 Ficini
1636 225 1775 254 exstant
1793 223 1898 255 etiam
1918 223 1954 255 in

224 289 318 317 tomo
335 280 486 315 secundo
504 289 647 322 operum
668 276 833 315 Marsilii,
853 277 930 320 plus
957 277 1107 320 simplici
1134 277 1208 309 vice
1234 287 1443 309 excusorum
1468 276 1578 323 [conf.
1598 288 1676 320 quae
1700 280 1818 312 notavi
1838 280 1874 312 in
1895 280 1953 313 In-

223 339 441 374 troductione
467 337 504 369 in
531 335 654 368 histor.
678 334 719 368 L.
740 333 801 367 Gr.
823 334 871 368 ΙΙ.
899 339 989 378 part.
1010 334 1037 367 Ι.
1065 346 1097 378 p.
1118 336 1199 371 274.
1219 339 1253 367 et
1272 334 1314 367 de
1334 333 1448 367 Editt.
1467 345 1546 378 opp.
1567 334 1719 367 Marsilii
1739 335 1852 369 Ficini
1875 335 1953 371 Cle-

222 399 325 430 ment.
344 392 425 428 bibl.
444 391 606 427 curiense
624 397 687 425 etc.
707 397 790 425 tom.
804 391 910 426 VIII.
930 403 962 436 p.
979 394 1060 426 313.
1081 390 1176 436 sqq.]
1197 393 1257 425 cel.
1279 389 1451 425 Villoison
1471 393 1507 425 in
1526 391 1663 425 duobus
1681 393 1779 425 codd.
1794 393 1951 428 Venetiis

221 465 256 487 se
274 453 442 497 reperisse
460 456 558 484 ratus
577 451 664 484 duas
685 450 817 483 Plotini
836 451 1027 484 dissertatt.
1048 450 1142 494 (quae
1160 451 1266 483 etiam
1285 455 1369 484 sunt
1387 451 1423 483 in
1442 451 1516 484 cod.
1535 450 1704 495 Vindob.)
1729 450 1842 483 adhuc
1870 463 1954 484 non-

221 512 304 544 dum
323 510 456 549 editas;
485 520 542 542 eas
564 509 601 541 in
619 507 778 542 Anecdd.
793 508 873 541 Grr.
893 513 977 542 tom.
993 508 1042 542 II.
1062 520 1094 552 p.
1111 511 1193 546 227.
1208 520 1284 553 sqq.
1302 509 1448 552 primus,
1467 513 1507 542 ut
1530 508 1596 542 sibi
1616 508 1813 548 videbatur,
1832 508 1953 542 Graece

220 568 401 613 evulgavit
419 578 497 600 cum
518 567 637 610 paucis
657 567 748 600 notis
768 567 907 600 criticis.
961 567 1029 600 Sed
1056 572 1177 610 postea
1203 578 1305 600 suum
1333 568 1406 610 ipse
1430 567 1576 611 agnovit
1594 578 1746 600 errorem
1770 566 1860 612 [vid.
1879 565 1955 599 Vil-

220 627 331 660 loison
350 626 393 659 de
411 626 540 669 triplici
560 625 757 669 Theologia
774 625 817 658 ad
836 625 918 658 calc.
937 625 1037 658 libri:
1065 624 1292 658 Saint-Croix
1311 625 1348 658 M
1354 625 1500 658 emon-es
1519 625 1561 658 de
1579 626 1613 658 la
1632 624 1797 669 Religion
1824 623 1954 658 secrete

220 685 280 718 des
304 684 444 717 anciens
468 684 610 727 peuples
629 694 661 726 p.
677 685 759 720 329.
780 694 831 726 sq.
853 687 925 716 not.
949 680 1027 730 Cr.]
1050 687 1085 716 et
1102 681 1213 716 Frid.
1237 681 1369 717 Christ.
1391 681 1594 718 Grimmius
1611 683 1646 716 in
1666 687 1865 723 comment.,
1883 692 1956 728 qua

221 740 361 777 Plotini
386 740 431 775 de
457 752 579 775 rerum
598 739 785 787 principio
804 738 977 774 Enneacl.
997 738 1085 774 III.
1113 741 1172 774 lib.
1191 742 1297 776 VIII.
1325 753 1398 786 cap.
1419 744 1550 775 8-10,
1584 742 1679 785 (quae
1704 746 1756 774 est
1782 741 1955 784 particula

221 801 335 845 prima
353 801 555 844 posterioris
574 799 830 832 dissertationis
849 811 869 832 a
888 799 1109 838 Villoisonio‚
1129 804 1297 844 tanquam
1318 801 1471 840 ineditae,
1491 801 1527 833 in
1555 800 1666 832 lucem
1695 800 1858 843 prolatae)
1877 796 1956 831 ani-

221 856 529 892 madversionibus
556 855 762 897 illustravit,
782 857 916 901 Lipsiae
937 859 1043 894 1788.
1064 860 1096 890 8.
1125 858 1289 899 ostendit,
1309 859 1460 902 priorem
1488 859 1629 891 illarum
1649 869 1691 891 ex
1710 857 1871 890 Ennead.
1892 856 1955 890 IV.

222 977 239 988 ‘⁵
255 979 487 1004 monumentum,
500 973 647 1010 quibusvis
661 973 843 1010 imaginibus,
859 973 970 1005 statuis,
987 983 1061 1000 mur-

222 1018 238 1028 “
254 1014 381 1041 moribus
396 1014 533 1041 illustrius
548 1014 622 1041 etc.''
666 1014 746 1041 Idem
762 1020 859 1041 tamen
877 1014 1002 1051 graviter
1017 1023 1060 1041 re-

220 1055 372 1091 prehendit
386 1065 412 1091 p.
428 1055 472 1081 80.
489 1065 552 1091 quae
568 1055 628 1082 haec
645 1055 777 1091 princeps
799 1054 886 1081 editio
902 1054 931 1081 in
949 1054 1060 1081 Exhor-

221 1095 330 1122 tatione
346 1095 380 1122 ad
397 1095 551 1122 Auditores
566 1096 670 1122 habet:
695 1100 712 1109 “
729 1095 765 1122 Et
777 1095 837 1121 Vos
853 1095 1001 1122 Platonem
1018 1095 1060 1130 ip-

222 1140 239 1150 “
256 1145 318 1162 sum
344 1136 504 1163 exclamare
533 1136 573 1163 sic
602 1146 669 1173 erga
695 1135 841 1162 Plotinum
870 1135 1058 1162 existimetis:

223 1180 240 1190 ‘⁸
258 1176 315 1203 Hic
338 1181 377 1203 est
394 1177 472 1213 filins
497 1186 568 1203 meus
592 1177 713 1206 dilectus,
738 1176 763 1202 in
786 1186 835 1212 qno
860 1176 925 1202 mihi
949 1176 1061 1212 undique

223 1217 348 1252 “placeo
360 1228 368 1243 .·
392 1218 475 1253 ipsum
497 1218 602 1243 amlitd’
619 1217 754 1253 qtiothne
778 1226 828 1252 pro
852 1217 894 1243 his
916 1217 1007 1243 verbis
1031 1217 1061 1243 111

223 1257 349 1284 editione
364 1257 521 1285 Basileensi
537 1258 661 1294 positum
679 1264 734 1284 est:
753 1256 812 1284 Οἶος
826 1258 949 1283 πέπνυται
963 1269 984 1283 κ.
995 1259 1060 1289 τ.λ.,

223 1297 352 1335 subjecta
376 1298 509 1325 versiculi
533 1298 664 1325 versione
686 1297 799 1329 Latina,
824 1297 879 1324 hoc
904 1297 1061 1334 impietatis

222 1338 346 1365 vitandae
372 1348 458 1365 causa
482 1338 589 1365 factum
617 1338 771 1365 arbitratur
797 1337 959 1364 Bruckerus
985 1338 1060 1364 Hist.

223 1379 292 1406 crit.
310 1379 473 1415 Philosoph.
489 1379 545 1406 vol.
563 1378 613 1405 IV.
637 1389 662 1415 p.
680 1386 726 1414 53.
770 1378 814 1405 De
837 1378 935 1405 codice
959 1387 1060 1405 manu-

222 1419 328 1455 scripto
345 1420 477 1446 editionis
494 1419 604 1446 Latinae
620 1419 756 1455 principis
778 1419 838 1445 haee
860 1418 955 1454 prodit
970 1419 1001 1445 A.
1019 1419 1060 1445 M.

224 1460 346 1487 Bandini
362 1460 396 1487 ad
410 1460 501 1487 Coi-sii
513 1461 708 1486 (Jommentar.
726 1459 760 1486 de
772 1459 838 1485 Vita
850 1459 939 1485 Ficini
955 1468 981 1495 p.
992 1467 1028 1494 32
1039 1468 1060 1486 1.

223 1504 239 1514 ‘¹
256 1500 356 1527 Exstat
377 1501 431 1527 hoc
453 1500 637 1537 magnificum
656 1509 738 1536 opus,
755 1509 843 1526 manu
857 1506 1014 1530 exaratum,
1031 1500 1060 1527 in

223 1544 241 1555 ¹¹
258 1550 440 1578 pergamena,
463 1541 574 1567 duobus
594 1540 789 1567 voluminibus
810 1540 838 1566 in
863 1539 910 1566 fol.
934 1540 962 1567 in
986 1540 1059 1567 Lau-

223 1585 242 1596 “
258 1588 330 1608 rent.
347 1581 482 1608 Bibliotli.
500 1581 580 1608 Peut.
597 1581 746 1608 LXXXII.
766 1590 808 1607 nr.
825 1580 860 1607 X.
877 1580 929 1607 XI.
973 1580 1061 1618 Cujus

223 1625 240 1636 ‘⁴
257 1622 318 1649 duae
333 1622 431 1658 primae
446 1622 556 1658 pagio-<e
575 1622 667 1648 aureis
682 1631 714 1649 ac
730 1621 979 1648 diversicoloribus
1001 1622 1060 1657 pic-

224 1666 240 1677 “
259 1662 340 1693 turiS,
361 1672 425 1690 cum
448 1662 569 1689 Marsilii
592 1662 684 1699 effigie
708 1662 780 1689 miro
805 1672 919 1698 prorsus
940 1662 1060 1689 artificio

223 1707 239 1718 ¹¹
257 1710 441 1730 exornantur.
486 1703 517 1729 In
535 1703 612 1730 calce
628 1703 746 1729 secundi
762 1703 916 1729 voluminis
931 1703 1036 1739 legitur
1051 1714 1056 1729 :

223 1748 239 1758 ‘¹
257 1743 319 1779 qu
344 1744 434 1770 Lucas
461 1743 676 1773 Geminianensis,
704 1743 792 1770 Ficini
820 1744 985 1769 amanuensis
1013 1753 1057 1769 eir-

223 1789 241 1799 ¹¹
257 1785 354 1820 scripsi
376 1784 424 1811 ltoe
447 1794 510 1819 opus
532 1788 556 1810 et
572 1785 655 1820 finem
678 1784 790 1819 imposui
813 1784 839 1810 in
861 1793 927 1820 αρν-ο
945 1784 1058 1820 Careyio

223 1828 240 1839 ‘⁶
257 1825 299 1851 die
323 1825 395 1851 XII.
422 1824 584 1851 Nouembris
613 1834 693 1859 ¹400·
742 1824 880 1851 IIahemas
904 1825 983 1851 eliam
1008 1825 1061 1851 sub

224 1870 240 1880 ¹‘
257 1865 321 1892 Nm.
337 1865 404 1892 XII.
421 1865 502 1892 XIII.
519 1875 604 1901 supra
620 1871 807 1891 memoratam
825 1865 951 1902 ejusdem
968 1865 1061 1901 operis

224 1910 240 1920 ¹‘
257 1906 413 1933 editionem
437 1906 463 1932 in
487 1915 663 1942 pergamena
684 1906 851 1941 impressam
872 1905 1023 1932 Florentiae
1046 1915 1062 1932 a

224 1951 241 1961 ‘⁴
259 1946 486 1973 MCCCCXCII.
503 1946 549 1973 fol.
568 1956 632 1973 611111
650 1946 867 1982 elegantissimis
883 1946 951 1973 item
968 1946 1060 1982 1116111-

224 1991 241 2001 “
256 1987 303 2018 ris,
330 1987 449 2014 alteram
476 1987 657 2013 eliartaceam
684 1987 736 2014 sub
762 1996 789 2013 n.
813 1986 913 2014 XIV.‘'
963 1986 1061 2014 Unum

222 2027 348 2063 itemque
371 2028 491 2054 alterum
509 2027 670 2064 exemplum
693 2027 721 2053 in
744 2036 919 2063 pergamena
941 2027 1059 2063 impres-

224 2076 285 2094 sum
306 2068 447 2103 reperitur
468 2068 496 2094 in
520 2068 581 2094 aliis
603 2077 717 2103 quoque
742 2068 932 2098 bibliothecis,
950 2077 1014 2095 v.c.
1031 2068 1059 2095 in

224 2107 313 2145 Regia
336 2108 469 2135 l'arisina.
512 2108 578 2135 Vid.
596 2109 707 2135 Brunet
729 2108 849 2135 Manuel
871 2108 908 2135 du
932 2108 1059 2136 Libraire

223 2148 267 2175 ed.
294 2153 358 2174 tert.
383 2149 466 2175 Tum.
492 2148 544 2175 ΙΙΙ.
568 2158 594 2184 p.
621 2157 682 2184 105.
710 2155 739 2175 et
764 2148 854 2175 Ebert
881 2149 909 2175 in
934 2149 1057 2186 Allgem.

225 2188 479 2225 Bibliographiseli.
496 2189 622 2216 Lexicon
639 2199 664 2225 p.
677 2189 742 2223 408.
766 2189 859 2215 Indice
873 2195 969 2216 tamen
989 2190 1057 2224 (La-

224 2229 297 2262 tino)
314 2238 402 2255 rerum
417 2233 440 2255 el
457 2230 603 2261 verborum,
617 2240 701 2265 quem
719 2230 806 2256 editio
822 2230 992 2256 Basileensis
1008 2230 1056 2256 ha-

225 2269 283 2299 bet.
300 2275 378 2295 caret
394 2269 480 2295 editio
496 2270 660 2297 Florentina
675 2271 817 2306 princeps.
850 2270 960 2299 Restat.
977 2276 1009 2296 ut
1024 2271 1059 2297 de

224 2309 349 2337 editione
368 2309 573 2337 Grave-Latina
589 2311 672 2338 unica
687 2317 754 2337 ante
771 2311 843 2337 1111116
862 2316 1000 2341 nostram.
1018 2311 1058 2337 di-

224 2359 331 2376 camus.
365 2349 406 2375 Ea
421 2349 460 2375 ita
475 2350 654 2377 inscribitur:
680 2351 782 2378 Plotini
796 2351 1057 2387 I’latonicorumsa-

223 2391 272 2417 cile
296 2389 436 2425 Coryplnei
461 2399 566 2424 operum
589 2391 818 2426 pliilosoplziarum
844 2392 955 2418 oninium
979 2391 1060 2418 Lt'bri

222 2431 301 2458 LIV.
318 2431 343 2456 in
358 2439 404 2456 sea·
420 2429 559 2456 Enneades
579 2431 722 2458 distributi.
765 2432 812 2458 Ea*
826 2433 963 2468 antiquiss.
986 2433 1058 2459 cocli-

223 2481 279 2498 cnm
294 2471 353 2507 fide
374 2480 440 2496 nnnc
456 2471 572 2505 primum
591 2471 681 2497 Grave
702 2472 774 2501 editi,
790 2482 846 2499 cnm
861 2472 961 2499 Latina
976 2473 1056 2499 Mar-

221 2511 613 2545 siliiFicinii11t‹·17›retati011e
634 2516 658 2537 ct
680 2513 902 2539 commentatione.
946 2513 1059 2540 Basileae

223 2553 258 2579 ad
271 2552 402 2579 Per-neam.
418 2551 563 2587 vaylltnm
580 2551 729 2578 MDXXC.
765 2553 829 2579 Alia
844 2553 975 2589 exempla
990 2554 1056 2580 titu-

222 2593 281 2619 lum
302 2592 449 2628 aliquanto
465 2591 609 2618 diversum
630 2591 736 2618 habent
751 2598 780 2618 et
796 2593 824 2619 in
839 2593 897 2620 ima
912 2603 978 2620 ora:
1003 2594 1058 2620 Ba-

220 2633 291 2660 sileoe
304 2633 434 2668 Impensis
449 2632 579 2659 Ludovici
592 2632 685 2667 Reqis.
701 2631 749 2658 fol.
781 2632 867 2665 Quod
882 2633 975 2661 solum
991 2634 1059 2661 titu-

1114 974 1172 1001 lum
1195 974 1380 1001 immutatum
1405 974 1540 1011 opinatur
1555 974 1711 1007 Fabricius,
1731 974 1759 1000 in
1781 983 1815 1001 eo
1839 973 1954 1000 fallitur.

1114 1014 1266 1051 Discrepat
1290 1015 1350 1041 llaec
1374 1015 1508 1051 repetitio
1531 1015 1607 1041 illius
1625 1014 1797 1042 Basileensis
1821 1013 1955 1041 editionis

1114 1061 1142 1082 et
1163 1055 1244 1082 initio
1261 1062 1290 1082 et
1306 1056 1334 1082 in
1350 1056 1423 1086 fine:
1448 1057 1528 1092 eujus
1553 1062 1712 1082 extremum
1737 1055 1836 1082 folium
1861 1054 1954 1081 minn-

1113 1096 1199 1123 tiores
1215 1096 1395 1123 characteres
1410 1096 1570 1123 litterarum
1587 1096 1684 1127 habet,
1702 1106 1786 1132 quam
1803 1095 1850 1122 illa
1865 1095 1956 1122 altera

1113 1137 1180 1163 anni
1203 1136 1284 1171 1580,
1302 1142 1330 1163 et
1345 1137 1463 1163 omnino
1480 1137 1606 1172 quinque
1625 1142 1675 1163 aut
1695 1146 1742 1163 sex
1764 1136 1832 1163 folia
1851 1136 1879 1162 in
1900 1135 1954 1162 hac

1113 1177 1180 1203 anni
1212 1179 1281 1212 1615
1307 1186 1407 1204 recusa
1431 1184 1506 1204 sunt.
1550 1177 1653 1213 Neque
1679 1183 1776 1204 tamen
1802 1186 1853 1213 pro
1879 1185 1955 1202 nova

1113 1217 1238 1244 editione
1262 1218 1358 1244 haberi
1382 1218 1477 1244 debet.
1521 1217 1644 1244 Videtur
1660 1217 1816 1254 bibliopola
1839 1217 1953 1244 munifi-

1112 1258 1209 1285 centia.
1224 1258 1324 1284 Galliae
1341 1258 1427 1294 Regis
1443 1257 1580 1285 Ludorici
1598 1257 1681 1284 XIII.
1705 1258 1818 1294 adjutus
1841 1258 1869 1284 in
1893 1259 1954 1293 ejus

1112 1299 1186 1335 regis
1202 1299 1341 1325 honorem
1357 1298 1417 1325 baec
1434 1298 1607 1325 immutasse.
1639 1298 1771 1325 Debetur
1783 1304 1879 1324 autem
1894 1298 1955 1324 haec

1113 1338 1334 1365 (frenco-Latina
1353 1338 1440 1365 editio
1457 1348 1489 1365 ex
1506 1345 1629 1375 quatuor
1644 1339 1792 1366 codicibus
1811 1338 1955 1374 descripta

1112 1379 1202 1416 magis
1224 1379 1388 1415 bibliopolae
1410 1379 1473 1406 utili
1497 1379 1616 1406 consilio
1633 1389 1718 1415 quam
1734 1379 1812 1406 docti
1834 1378 1954 1413 alicujus

1112 1420 1236 1446 hominis
1252 1420 1356 1446 criticae
1372 1420 1537 1457 diligentiae.
1578 1420 1643 1447 Fuit
1659 1420 1735 1447 enim
1752 1426 1820 1446 tunc
1837 1420 1953 1456 quidem

1112 1470 1256 1487 summum
1273 1460 1365 1487 Graeci
1388 1460 1491 1487 Plotini
1514 1461 1697 1487 desiderium.
1740 1460 1825 1493 Quod
1849 1467 1877 1487 et
1899 1460 1954 1487 alia

1112 1507 1237 1538 arguunt
1252 1507 1280 1528 et
1295 1510 1363 1528 vero
1379 1501 1407 1527 hi
1423 1501 1564 1530 versiculi.
1582 1511 1653 1537 quos
1665 1501 1828 1528 Laurentius
1842 1501 1952 1528 Rhodo-

1112 1551 1221 1568 mannns
1236 1541 1328 1569 codici
1346 1542 1473 1568 Reinesii
1489 1551 1566 1569 1111116
1582 1542 1696 1569 Cizensi
1713 1542 1880 1578 adscripsit:

1153 1599 1170 1609 ¹‘
1184 1595 1260 1628 Quid
1276 1595 1311 1622 de
1328 1595 1441 1621 Plotiuo
1458 1595 1573 1621 dicam?
1596 1604 1654 1621 non
1671 1595 1737 1621 exiit
1755 1604 1873 1631 usquam

1152 1640 1169 1650 ‘⁵
1182 1636 1309 1666 Graecus,
1326 1642 1355 1663 et
1370 1636 1414 1662 bic.
1431 1645 1588 1671 numquam
1604 1636 1644 1662 sic
1662 1635 1728 1662 milii
1745 1635 1821 1662 visus
1837 1635 1944 1662 adest.”

1112 1700 1197 1727 Unde
1227 1700 1397 1737 intelligitur
1422 1701 1675 1731 Rbodomannum.
1704 1701 1750 1737 (1111
1777 1701 1828 1728 hos
1854 1711 1952 1728 versus

1110 1750 1186 1768 auno
1207 1750 1277 1777 1593
1303 1741 1426 1771 fecisset,
1448 1748 1508 1768 tum
1533 1742 1649 1778 quidem
1673 1742 1829 1769 editionem
1848 1742 1950 1769 Basile-

1111 1791 1207 1808 ensem
1229 1782 1296 1808 anni
1318 1782 1390 1817 1580
1407 1782 1534 1809 nondum
1552 1782 1664 1809 vidisse.
1711 1783 1833 1809 Volebat
1855 1790 1952 1810 autem

1114 1822 1258 1849 Plotinum
1274 1823 1368 1849 studio
1384 1833 1435 1849 suo
1450 1823 1635 1850 emendatum
1652 1823 1681 1849 111
1697 1833 1778 1850 usum
1791 1823 1953 1860 juventutis

1113 1863 1197 1890 edere
1216 1863 1287 1898 (vid.
1306 1863 1371 1889 Chr.
1386 1863 1504 1890 Godofr.
1521 1863 1550 1890 M
1558 1864 1655 1890 uelleri
1670 1866 1715 1889 τοῦ
1730 1865 1867 1898 μακαρίτου
1884 1865 1951 1891 Pro-

1111 1903 1269 1930 ]usionem:
1286 1903 1331 1930 De
1345 1904 1433 1930 codice
1448 1913 1524 1930 mser.
1540 1904 1645 1931 Plotini
1658 1904 1762 1931 (hp-ensi
1777 1905 1852 1940 Lips.
1869 1905 1951 1940 1798.

1112 1953 1138 1980 p.
1156 1944 1181 1970 (1,
1200 1946 1255 1980 sq.)
1301 1944 1341 1971 Et
1366 1950 1395 1971 ut
1420 1945 1486 1971 illuc
1508 1951 1646 1975 revertar,
1664 1945 1725 1980 quis
1748 1945 1839 1972 nescit
1861 1946 1950 1982 negli-

1111 1985 1278 2022 gentissime
1308 1994 1440 2012 excusam
1468 1995 1530 2012 esse
1559 1985 1716 2012 editionem
1745 1986 1950 2017 lssnsileensem,

1111 2032 1207 2061 atque,
1223 2026 1245 2052 si
1261 2025 1306 2052 vel
1322 2026 1445 2052 maxime
1461 2036 1477 2052 a
1492 2025 1591 2053 critica
1606 2026 1754 2062 diligentia
1776 2027 1950 2057 discedatur,

1110 2066 1371 2102 inquinatissimam
1401 2067 1522 2093 eandem
1548 2076 1609 2093 esse
1640 2067 1800 2093 ioetlissimis
1830 2068 1948 2098 mendis.

1111 2116 1174 2133 cum
1200 2107 1380 2142 potissimum
1404 2107 1432 2133 in
1457 2109 1586 2133 oratione
1603 2106 1704 2134 Graeca
1725 2114 1783 2134 tum
1801 2107 1828 2134 in
1848 2108 1951 2135 Latina

1110 2148 1251 2177 versione,
1278 2147 1425 2177 librorum,
1453 2148 1637 2183 capitumque
1663 2154 1691 2174 et
1714 2148 1881 2184 paginarum
1909 2149 1950 2176 111-

1109 2188 1320 2224 scriptionibus.
1338 2188 1404 2223 quid
1422 2188 1542 2224 quaeris?
1573 2188 1664 2215 Nulla
1686 2189 1789 2225 pagina
1811 2195 1864 2219 est.
1881 2190 1950 2225 quin

1109 2238 1166 2255 uno
1183 2229 1332 2255 minimum
1354 2228 1456 2265 insigni
1479 2229 1574 2264 aliquo
1597 2238 1748 2264 operarum
1764 2229 1800 2255 sit
1815 2230 1885 2257 vitio
1901 2230 1949 2257 de-

1111 2268 1218 2300 formis,
1235 2275 1266 2295 ut
1288 2269 1395 2295 leviora
1418 2269 1646 2305 praetermittam,
1667 2280 1730 2305 quie
1752 2270 1876 2305 plurima
1899 2281 1951 2298 nos

1111 2309 1188 2336 taciti
1206 2309 1400 2336 abstersimus.
1439 2310 1481 2336 De
1496 2310 1675 2336 versionibus
1694 2311 1837 2337 Enneadis
1853 2311 1950 2347 primae

1110 2350 1237 2386 itemque
1263 2359 1295 2376 ex
1320 2350 1436 2386 reliquis
1462 2350 1648 2377 Enneadibus
1672 2350 1807 2377 l÷br0ru1n
1831 2352 1950 2379 selecto-

1110 2400 1182 2420 rum,
1199 2401 1269 2426 quas
1292 2400 1384 2426 nuper
1399 2391 1427 2417 in
1445 2391 1600 2417 Germania
1616 2391 1637 2417 l.
1652 2391 1686 2418 G.
1700 2391 1732 2417 V.
1748 2391 1951 2427 Enyellmrdlns

1111 2431 1139 2457 111
1158 2431 1306 2457 Britannia
1320 2431 1432 2457 Thomas
1446 2431 1544 2467 Taylor
1561 2431 1719 2462 ediderunt,
1736 2432 1770 2459 ad
1787 2432 1849 2459 illos
1865 2433 1949 2459 libros

1110 2472 1253 2505 sigillatim
1270 2481 1286 2498 a
1302 2480 1346 2498 me
1363 2472 1470 2498 dietum
1488 2472 1646 2498 est—Nec
1664 2472 1757 2498 minus
1773 2473 1805 2499 ad
1821 2473 1947 2500 Ennead.

1109 2512 1159 2538 VI.
1177 2513 1289 2546 librr.4.
1302 2518 1330 2538 et
1343 2521 1368 2547 5.
1386 2512 1462 2539 hune
1474 2512 1565 2539 virum
1582 2513 1820 2539 humanissimum
1837 2523 1949 2540 mecum

1110 2553 1336 2579 communicasse
1367 2553 1590 2589 manuscriptam
1621 2562 1701 2579 suam
1732 2554 1948 2580 translationem

1111 2602 1210 2620 eorum
1232 2593 1379 2624 librorum,
1402 2593 1508 2620 notulis
1529 2593 1639 2630 aliquot
1661 2593 1773 2623 additis,
1790 2594 1948 2631 Anghcam.

1112 2633 1172 2670 Cr.]
