2201 2990
625 459 1206 518 MARSILII
1296 462 1661 519 FICINI

1126 591 1163 613 IN

720 692 827 731 LIB.
845 691 967 731 VIII.
989 692 1245 732 ENNEAD.
1267 695 1563 742 SECUNDAE‚

429 817 506 856 DE
537 817 679 864 VISU,
711 817 786 856 ET
817 817 1016 861 QUARE
1047 819 1182 862 QUAE
1215 820 1442 861 PROCUL
1472 822 1633 870 SUNT,
1665 823 1859 862 PARVA

962 922 1324 971 VIDEANTUR,

868 1053 1070 1102 ARGU
1077 1054 1134 1103 M
1140 1055 1417 1105 ENTUM.

855 1328 1037 1362 SUMMA
1066 1329 1252 1364 TOTIUS
1280 1330 1431 1364 LIBRI.

320 1427 514 1466 Rationes
534 1426 706 1466 aliorum
728 1428 832 1474 duae,
853 1434 894 1467 et
916 1428 1069 1468 Plotini
1091 1430 1207 1469 duae:
1238 1444 1310 1469 cur
1330 1431 1547 1470 remotiora
1568 1432 1784 1471 videantur
1804 1432 1970 1473 minora.

285 1531 622 1590 QUAERUNTUR
642 1554 673 1585 in
693 1555 750 1585 hoc
772 1555 849 1585 libro
865 1556 945 1586 duo:
973 1557 1123 1593 Primum,

286 1597 352 1627 Cur
375 1597 494 1638 objecta
519 1597 559 1627 ol)
583 1597 678 1627 oculis
705 1598 866 1629 remotiora
891 1599 1004 1630 soleant
1029 1600 1123 1630 videri

285 1639 411 1670 minora.
438 1639 629 1670 Secundum:
650 1642 750 1678 Quam
767 1641 806 1671 ob
823 1653 945 1672 causam
963 1643 1026 1673 duo
1041 1655 1126 1684 qua»-

285 1682 356 1713 dam
380 1683 580 1713 remotissima
600 1695 618 1713 a
639 1684 726 1714 nobis
750 1685 922 1726 spectacula
942 1694 971 1716 et
995 1686 1073 1716 inter
1095 1698 1125 1716 se

286 1725 440 1763 distantia,
458 1735 535 1767 puta
550 1726 659 1763 stadio,
673 1727 834 1758 videantur
850 1728 957 1758 minori
975 1729 1064 1759 etiam
1082 1729 1126 1759 in—

287 1777 333 1799 ter
349 1781 379 1799 se
394 1769 492 1810 spatio
507 1769 630 1807 distare,
648 1781 740 1811 quam
765 1770 878 1801 stadio:
905 1771 976 1802 item
993 1772 1093 1802 minus
1108 1784 1125 1802 a

288 1812 375 1842 nobis
397 1811 519 1849 distare,
536 1824 629 1853 quam
654 1813 777 1843 distent.
825 1814 877 1844 Ad
902 1814 966 1845 lnec
988 1814 1125 1845 nonnulli

287 1854 491 1897 respondent:
524 1856 627 1886 lumen
658 1856 769 1897 ipsum,
797 1869 859 1898 quo
886 1857 1035 1894 videmus,
1063 1870 1126 1900 quo

287 1898 385 1939 magis
406 1898 445 1928 ab
468 1898 588 1939 objecto
611 1899 734 1929 veniens
757 1900 941 1942 propinquat
967 1901 1066 1939 oculo,
1090 1914 1126 1931 eo

289 1941 385 1982 magis
406 1941 636 1972 accommodare
659 1954 689 1972 se
712 1942 810 1984 ipsum
832 1943 870 1973 ad
887 1944 1008 1974 oculum
1033 1952 1126 1986 atque

289 1984 449 2025 pupillam,
467 1984 543 2014 sicut
559 1992 587 2015 et
606 1996 734 2027 corpora
757 1985 874 2027 liquida
897 1999 959 2017 sese
983 1987 1054 2017 locis
1076 1999 1122 2017 ac-

290 2027 493 2057 commodant.
540 2028 619 2058 Haec
635 2028 790 2070 responsio
806 2029 847 2059 ita
862 2029 985 2060 demum
1004 2030 1125 2072 proprie

290 2069 380 2106 valet,
397 2070 419 2099 si
437 2070 550 2107 lumen,
567 2070 605 2100 de
621 2082 684 2112 quo
699 2070 846 2113 loquitur,
863 2072 897 2102 sit
923 2073 1026 2103 radius
1043 2073 1124 2103 visu-

291 2111 345 2141 alis
367 2112 475 2143 missus
499 2113 537 2144 ab
561 2114 661 2151 oculo,
678 2114 851 2156 iterumque
875 2116 913 2145 al)
936 2116 1057 2157 objecto
1080 2127 1125 2146 re-

292 2153 388 2184 flexus
403 2155 441 2185 ad
454 2156 588 2193 oculum,
602 2157 643 2187 sic
656 2157 736 2187 enim
753 2158 831 2188 forte
847 2158 977 2188 naturali
990 2159 1123 2199 quodam

292 2197 395 2238 vigore
410 2199 556 2240 paulatim
572 2199 610 2229 ad
627 2200 828 2241 quantitatem
851 2213 914 2231 suat·
933 2201 1058 2242 originis
1080 2213 1125 2232 re-

291 2247 436 2270 vertetur.
484 2243 563 2272 Sunt
578 2242 668 2280 enim,
684 2243 737 2284 qui
753 2243 866 2279 dicant,
884 2242 993 2274 lumen*
1008 2245 1064 2275 hoc
1086 2245 1125 2275 al)

291 2282 379 2313 oculo
395 2284 560 2324 procedens
576 2286 758 2326 pyramidali
771 2288 870 2328 figura
887 2298 947 2317 rem
961 2287 1124 2318 videndam

291 2325 450 2367 attingere,
466 2338 582 2368 perque
596 2328 676 2358 illam
699 2329 800 2359 subito
816 2329 953 2360 dilatari:
979 2338 1007 2360 ct
1030 2331 1068 2361 ab
1091 2342 1126 2360 ea

292 2380 397 2399 rursus
411 2370 497 2410 quasi
509 2381 546 2400 ex
559 2370 629 2400 base
646 2372 864 2413 pyramidalem
883 2385 987 2403 versus
1001 2373 1123 2403 oculum

291 2412 422 2453 figuram
439 2413 571 2449 reficere,
589 2421 774 2455 tangereque
789 2427 865 2445 cono
880 2416 1028 2457 pupillam
1045 2416 1124 2446 oculi

293 2454 429 2484 similiter
454 2462 564 2485 natura
593 2457 798 2497 pyramidalis.
844 2459 895 2488 Ex
922 2470 1025 2489 eorum
1053 2470 1126 2501 ergo

292 2497 439 2527 sententia
459 2498 614 2539 responsio
629 2499 777 2539 ejusmodi
794 2501 916 2541 proprie
930 2501 1057 2532 fortasse
1073 2513 1124 2531 va-

291 2540 376 2571 lebit.
421 2540 502 2570 Nam
526 2548 555 2570 et
579 2541 781 2571 communiter
803 2542 902 2572 valere
927 2544 1021 2585 aliqui
1047 2544 1126 2575 forte

290 2583 411 2613 dicent:
436 2583 580 2624 quoniam
604 2583 786 2613 luminosum
811 2584 943 2625 prinmm
963 2586 994 2616 id
1010 2595 1065 2624 est,
1082 2587 1124 2617 sol

292 2626 395 2656 lumen
411 2625 536 2667 quidem
552 2626 690 2657 effundat
713 2626 825 2657 circum
849 2639 886 2657 ex
911 2636 974 2658 tota
995 2629 1123 2659 circum-

292 2669 420 2699 ferentia
441 2668 498 2706 sui,
515 2668 566 2699 sed
587 2668 680 2711 hujus
695 2669 832 2711 undique
847 2670 967 2712 colligat
986 2683 1015 2702 se
1030 2671 1059 2701 in
1077 2683 1125 2701 co-

1169 1569 1254 1594 num,
1271 1569 1308 1588 ne
1324 1566 1411 1588 extra
1427 1569 1516 1588 suum
1534 1558 1647 1588 fontem
1664 1558 1819 1600 profluens
1834 1568 2004 1598 evanescat,

1169 1601 1209 1631 sic
1232 1601 1322 1631 etiam
1347 1601 1502 1642 potentius
1526 1608 1608 1641 aget,
1628 1609 1658 1631 et
1683 1609 1782 1632 totum
1807 1602 1925 1633 facilius
1948 1603 2003 1634 erit

1169 1644 1295 1685 ubique.
1323 1645 1372 1674 Ac
1388 1644 1462 1673 dum
1479 1651 1543 1674 tota
1559 1644 1637 1674 basis
1651 1652 1822 1675 coarctatur
1838 1645 1867 1676 in
1882 1657 2004 1681 conum,

1169 1686 1211 1717 sol
1229 1695 1311 1717 totus
1326 1687 1486 1728 omnisque
1502 1687 1598 1717 virtus
1618 1687 1685 1728 ejus
1705 1699 1759 1729 per
1777 1688 1925 1730 angulum
1949 1689 2004 1719 ad-

1168 1730 1236 1767 erit,
1260 1737 1392 1771 agetque
1415 1730 1549 1771 ubique:
1578 1730 1751 1771 poteritque
1773 1730 1815 1761 ita
1838 1731 1866 1761 in
1890 1732 2004 1773 angulo

1170 1781 1232 1803 tota
1255 1773 1322 1813 ejus
1344 1772 1525 1813 magnitudo
1541 1772 1648 1802 videri.
1695 1773 1744 1803 Sic
1767 1774 1856 1804 etiam
1880 1786 1949 1805 cum
1974 1775 2003 1805 in

1170 1815 1230 1846 sole
1256 1823 1394 1846 centrum
1419 1823 1448 1845 et
1472 1815 1715 1846 circumferentia
1741 1816 1789 1854 sit,
1815 1817 1915 1858 ipsum
1939 1818 2004 1858 ejus

1170 1858 1271 1888 lumen
1292 1866 1444 1900 quatenus
1466 1870 1483 1888 a
1504 1866 1568 1888 toto
1591 1857 1660 1888 solis
1682 1858 1778 1889 effluit
1800 1859 1930 1896 ambitu,
1946 1860 2002 1890 cir-

1169 1901 1399 1932 cumferentiam
1416 1901 1570 1931 imitatur:
1596 1909 1748 1942 quatenus
1770 1909 1872 1932 autem
1888 1902 2003 1945 colligi-

1170 1952 1221 1974 tur
1237 1944 1265 1974 in
1282 1952 1458 1986 angustum,
1476 1944 1612 1974 imitatur
1628 1952 1657 1974 ct
1674 1952 1831 1975 centrum:
1855 1945 1924 1976 hinc
1940 1946 2004 1976 fieri

1169 1987 1282 2025 dicent,
1298 1995 1332 2017 ut
1348 1999 1384 2017 ex
1401 1986 1537 2028 quolibet
1562 1987 1732 2017 illuminato
1752 1999 1878 2029 corpore
1900 1988 2003 2019 lumen

1169 2031 1272 2061 eadem
1290 2030 1375 2071 quasi
1392 2031 1491 2071 figura
1511 2041 1573 2060 sese
1594 2030 1632 2060 ad
1654 2029 1712 2060 alia
1726 2038 1753 2060 et
1771 2030 1809 2061 ad
1825 2030 1929 2061 oculos
1944 2032 2005 2062 col-

1170 2072 1252 2115 ligat.
1280 2074 1439 2103 Hactenus
1451 2072 1575 2114 quidem
1593 2073 1627 2103 fit
1642 2073 1797 2115 responsio
1812 2073 1918 2115 prima.
1943 2075 2004 2105 Re-

1169 2115 1320 2158 spondent
1344 2116 1453 2146 iterum
1481 2115 1540 2146 alia
1566 2115 1699 2146 ratione:
1726 2116 1855 2146 formam
1878 2117 2002 2158 quidem

1170 2159 1210 2189 rei
1227 2158 1367 2189 videndae
1388 2159 1417 2188 in
1438 2158 1504 2200 ipsa
1522 2170 1554 2188 re
1575 2158 1759 2189 materialem
1783 2159 1895 2190 habere
1917 2168 2004 2191 natu-

1169 2213 1251 2232 ram:
1277 2201 1328 2231 sed
1345 2201 1415 2232 inde
1431 2201 1556 2243 spiritali
1578 2210 1747 2243 susceptam
1770 2201 1884 2233 lumine
1907 2210 2003 2233 mate-

1169 2245 1242 2275 riam
1266 2256 1378 2275 exuere
1398 2244 1509 2281 subito,
1534 2252 1562 2274 et
1586 2244 1713 2285 spiritali
1733 2244 1866 2286 quadam
1889 2246 2003 2276 ratione

1170 2287 1281 2324 venire,
1295 2287 1436 2329 quamvis
1451 2287 1490 2317 ad
1503 2287 1628 2328 longum
1645 2299 1764 2318 servare
1776 2288 2002 2330 proportionem

1168 2330 1322 2372 quandam
1340 2330 1378 2360 ad
1395 2330 1549 2372 propriam
1574 2330 1729 2360 materiam
1748 2330 1896 2361 videatur.
1943 2331 2001 2362 Sed

1169 2385 1238 2403 cum
1258 2373 1392 2415 primum
1408 2373 1513 2415 incipit
1533 2373 1760 2414 proportionem
1780 2385 1904 2415 quoque
1926 2373 2001 2404 hanc

1169 2416 1318 2453 amittere,
1340 2415 1435 2446 videri
1458 2415 1624 2446 minorem:
1649 2427 1683 2446 ac
1705 2416 1838 2457 denique
1859 2415 1940 2446 omni
1962 2416 2000 2446 ad

1169 2459 1324 2489 materiam
1342 2459 1496 2500 propriam
1509 2459 1706 2500 proportione
1718 2465 1897 2500 consumpta
1908 2458 2001 2488 oculis

1169 2513 1229 2532 nou
1246 2501 1374 2532 ulterius
1389 2512 1548 2543 apparere:
1569 2501 1646 2531 sicut
1662 2513 1761 2543 neque
1776 2501 1917 2531 videntur
1930 2512 2000 2531 ocu-

1170 2544 1205 2575 lis
1220 2545 1294 2586 ipsa>
1309 2545 1477 2575 formarum
1494 2544 1679 2574 naturalium
1702 2544 1832 2574 rationes
1849 2543 1999 2580 formales,

1169 2587 1347 2624 seminariae,
1360 2586 1479 2617 ideales.
1505 2588 1584 2617 Haec
1597 2587 1656 2617 sint
1667 2598 1704 2616 ex
1719 2586 1845 2616 aliorum
1859 2585 2000 2626 opinione

1169 2641 1320 2672 responsa.
1346 2631 1423 2668 Quae
1438 2641 1509 2660 sane
1520 2629 1623 2671 opinio
1634 2640 1741 2670 quaeve
1752 2638 1893 2668 responsa
1905 2639 2000 2669 quan-

1170 2680 1234 2703 tum
1252 2673 1384 2704 habeant
1400 2673 1544 2710 veritatis,
1560 2671 1631 2702 alibi
1646 2670 1897 2712 deprehendetur.
