2201 2990
506 133 569 172 IN
599 132 828 172 LIBRUM
860 135 908 172 V.
943 135 1197 177 ENNEAD.
1232 139 1451 181 PRIMAE.

131 229 290 271 praesentia
319 228 459 271 temporis
488 228 577 258 simul
606 228 785 259 includens:
820 229 897 260 sicut
917 238 955 277 pt

131 272 214 312 signa
229 272 259 302 in
274 270 513 302 circumferentia
535 270 632 301 multa
654 271 731 301 inter
752 283 781 301 se
802 271 953 303 distantia.

132 313 262 345 Unicum
278 325 348 344 vero
366 313 396 343 in
416 312 515 343 medio
535 313 656 354 signum
676 321 786 344 cuncta
807 314 954 345 linearum

130 369 147 387 a
162 355 400 387 circumferentia
415 355 599 385 venientium
616 355 702 398 signa
716 356 876 387 concludit.

420 440 581 470 Quaestz‘ones
596 444 655 467 tres.

170 486 357 524 Quaestiones
371 485 496 528 reliquae
511 494 570 517 tres
585 487 672 518 facile
688 495 752 518 tum
768 500 822 530 per
838 501 879 526 se,
889 497 953 520 tum

129 541 181 571 per
208 528 376 570 superiores
407 529 628 571 intelliguntur,
657 537 749 572 atque
783 533 951 563 solvuntur.

130 573 177 602 Ex
204 571 343 602 omnibus
371 572 492 604 tandem
516 572 678 615 colligitur,
705 574 796 605 vitam
822 575 954 617 perfecte

1780 151 1828 201 83

1000 233 1118 264 beatam
1143 246 1205 264 esse
1230 236 1334 274 vitam,
1359 249 1418 269 non
1441 240 1610 272 actionibus
1632 246 1832 279 exterioribus

999 284 1190 318 occupatam,
1216 278 1267 308 sed
1294 279 1325 309 in
1351 279 1417 321 ipsa
1442 290 1542 313 mente
1567 284 1741 317 collectam:
1773 302 1832 321 non

999 317 1079 349 idem
1102 331 1140 350 ex
1163 321 1267 351 multis
1289 321 1496 364 intelligentiae
1519 326 1647 365 actibus,
1671 329 1732 360 sive
1757 344 1831 373 prae-

1001 361 1106 400 teritis,
1123 362 1184 393 sive
1200 365 1402 405 praesentibus
1422 376 1648 410 congregatam,
1665 372 1717 401 sed
1736 373 1832 405 inten-

1000 411 1061 434 tam
1083 417 1207 446 prorsus
1227 407 1257 437 in
1275 419 1371 438 unum
1392 418 1585 451 praesentem,
1602 413 1740 444 stabilem
1763 428 1832 458 pro-

999 447 1074 488 priae
1097 449 1206 480 mentis
1227 457 1346 481 actum:
1372 459 1485 490 actum,
1507 454 1642 496 inquam,
1665 465 1764 488 mente
1787 460 1831 489 di-

999 490 1069 521 vina
1094 491 1271 531 formatum,
1298 506 1414 536 perque
1442 496 1575 528 divinam
1607 506 1738 530 mentem
1769 501 1833 542 ipw

998 545 1090 575 super
1104 544 1236 566 mentem
1253 536 1333 568 bono
1347 538 1508 569 fruentem.

982 2723 1057 2757 ΜΞ
