2201 2990
241 136 332 168 xcviii

779 134 1155 165 ANNOTATIONES
1180 134 1230 165 IN
1254 133 1452 165 PLOTINI

243 233 276 264 p.
294 221 367 262 458.
385 219 485 251 Bekk.
511 219 565 251 ubi
591 219 630 250 de
657 219 808 263 Dionysio
836 221 988 263 Tyranno
1012 231 1084 251 con·
1103 222 1130 249 A
1152 221 1316 263 Temporis
1331 230 1483 251 eoecursus
1498 223 1533 250 ut
1550 219 1659 250 Caesar
1673 219 1767 261 cogit,
1783 223 1819 250 ut
1834 219 1923 250 Atlas
1938 219 1991 251 Si-

243 284 376 316 querens
399 272 527 315 scriptor
542 280 573 304 et
588 272 647 303 alia
662 273 765 315 posuit
781 280 811 304 et
827 273 909 304 haec:
935 275 1033 306 ἄλλως
1055 286 1087 304 τε

244 326 291 356 καὶ
305 327 366 357 τοῖς
380 326 439 355 τῶν
453 323 706 364 παρακουσμάτων
720 327 849 362 μεστοῖς.
875 324 985 355 Paullo
1001 324 1088 355 aliter

243 374 410 417 Eunapius
434 385 466 417 p.
484 375 513 406 6.
537 374 654 405 Boiss.:
680 374 713 404 τὸ
740 374 817 404 πολὺ
840 376 961 412 πλῆθος,
986 375 1037 405 ἐάν
1061 387 1088 405 τι

242 427 413 466 παρακούσῃ
436 425 599 465 δογμάτων·
621 426 650 456 si
670 425 867 467 aliquantum
883 426 975 455 etiam
991 427 1088 456 obiter

240 478 444 520 philosophiae
456 478 574 519 placita
589 477 730 518 attingit.
777 475 846 505 vid.
865 476 1031 518 iVyttenb.
1047 476 1086 507 ad

241 540 313 560 eum
328 529 430 560 locum
446 540 477 570 p.
492 537 540 569 25.
557 535 587 558 et
602 527 704 569 ipsum
720 525 955 557 Boissouadium
973 539 1004 568 p.
1018 527 1086 558 168.

241 581 282 611 cf.
305 581 397 611 etiam
414 579 505 610 Bielii
523 578 620 609 Thes.
632 579 668 608 V.
688 577 731 607 T.
743 577 812 607 III.
829 577 879 607 28.
897 584 927 607 et
944 577 1087 608 Schleus—

242 634 308 664 neri
324 634 404 664 Lex.
421 633 461 663 N.
475 633 514 662 T.
532 631 561 662 in
579 630 765 670 παρακούειν,
782 629 836 659 ubi
852 636 882 660 et
898 629 937 660 de
956 629 1013 660 hoc
1029 642 1087 660 usu

241 693 272 716 et
287 685 326 716 de
342 696 400 715 usu
421 693 576 714 sacrorum
600 681 782 723 scriptorum
807 680 943 723 exponit.
991 681 1088 722 Wyt-

242 735 423 767 tenbachius
437 733 477 765 ad
494 740 635 764 nostrum
652 732 754 763 locum
775 731 855 762 hanc
876 731 1014 762 notulam
1031 743 1086 773 po-

243 787 303 818 suit
320 787 425 817 MScr.
439 797 445 816 z
471 788 493 803 “
507 785 603 815 multa
619 784 817 826 negligenter
832 787 860 813 et
876 784 981 812 minus
997 793 1086 813 accu-

242 843 309 868 rate
331 837 486 868 audivit.”
531 837 611 866 Mox
634 846 695 866 non
719 834 931 865 dubitavimus
954 834 1088 876 recipere

242 890 309 929 ἄχρι
325 888 438 920 τέλους.
473 888 554 918 Nam
571 889 622 917 τοῦ
638 886 764 917 θανάτου
779 885 1086 927 interpretamentum

1147 273 1223 303 (Iera
1242 272 1412 314 perquirit,
1436 276 1471 302 ut
1497 271 1593 301 Zetus
1612 270 1756 313 pondera
1780 270 1885 301 librat.
1943 270 1992 301 Sic

1149 323 1276 354 Zoticus
1299 323 1390 354 etiam
1414 321 1491 352 alius
1514 322 1553 352 de
1575 333 1638 363 quo
1654 321 1817 363 Lamprid.
1833 321 1865 352 in
1882 321 1991 352 Helio-

1148 374 1259 417 gabalo
1282 386 1309 405 c.
1330 374 1397 405 10.”
1419 374 1547 404 Fahric.
1593 373 1673 403 Mox
1699 374 1745 403 καὶ
1768 374 1860 412 ῥοπὰς
1884 373 1993 412 ἔχοντα

1354 424 1503 467 Polybius
1521 424 1608 454 XII.
1626 433 1675 465 15.
1693 424 1728 454 8:
1752 425 1868 456 πολλὰς
1884 424 1993 463 ἔσχηκε

1148 479 1239 517 ῥοπὰς
1260 477 1333 517 πρὸς
1354 477 1406 507 τὸν
1421 475 1622 515 πραγματικὸν
1638 476 1747 514 τρόπον
1771 479 1792 493 “
1806 474 1918 506 Multis
1934 474 1994 504 fuit

1148 528 1297 570 praesidiis
1335 527 1374 558 ad
1412 539 1459 558 res
1496 525 1646 568 gerendas
1682 525 1881 556 instructus.''
1941 525 1993 556 Cf.

1147 426 1297 458 πολιτικάς
1302 449 1308 456 .

1107 582 1130 608 Β
1151 578 1323 619 Schweigh.
1342 579 1416 608 Lex.
1434 578 1544 620 Polyb.
1561 589 1590 620 p.
1603 586 1678 619 550.
1695 589 1740 619 sq.
1757 577 1797 608 cf.
1815 577 1905 608 etiam
1924 576 1994 607 Sui-

1148 629 1209 659 ceri
1236 630 1333 660 Thes.
1360 629 1477 660 Eccles.
1507 630 1577 660 111.
1601 641 1631 671 p.
1650 637 1724 668 910.
1751 627 1832 658 adde
1857 627 1992 658 Hasium

1151 680 1186 710 V.
1201 679 1250 710 Cl.
1266 680 1305 710 ad
1322 681 1414 712 Leon.
1427 680 1557 711 Diacon.
1573 692 1603 723 p.
1620 690 1691 721 233.
1715 679 1844 710 Adhibe
1859 678 1994 720 denique

1150 730 1251 772 ipsum
1276 731 1434 762 Plotinum
1456 732 1505 762 II.
1521 742 1574 773 31.
1597 739 1627 762 et
1653 732 1766 772 111.3.
1782 740 1813 769 4.
1837 729 1876 760 ad
1899 740 1994 772 quem

1149 781 1250 811 locum
1277 781 1337 812 alia
1363 782 1492 824 apposui
1519 794 1548 824 p.
1573 791 1644 822 274.
1690 783 1798 824 Atque
1824 792 1895 812 cum
1919 781 1994 821 ῥοπὴ

1150 844 1232 875 saepe
1248 833 1285 863 sit
1303 834 1446 875 impetus,
1458 835 1621 871 contentio,
1635 833 1785 871 studium,
1800 833 1928 863 fortasse
1943 832 1993 863 hic

1150 884 1235 914 locus
1261 883 1452 914 commodius
1479 884 1522 914 ita
1548 892 1710 915 vertatur:
1744 885 1824 914 Cum
1852 895 1924 914 vero
1950 883 1993 914 rei

241 952 305 971 esse
320 948 351 971 et
364 939 430 982 ipsa
446 951 507 970 vox
523 938 626 980 arguit
641 946 672 968 et
689 949 761 968 vero
777 937 861 979 quod
883 937 1001 978 aliquot
1018 937 1087 968 libri
1107 942 1130 969 C
1150 934 1282 977 publicae
1307 934 1473 965 tractandae
1496 935 1626 966 idoneus
1649 943 1726 966 esset
1750 943 1780 966 et
1802 934 1992 977 attingendae

241 1002 306 1022 eam
324 991 403 1022 inter
417 991 483 1030 περὶ
498 998 528 1020 et
543 992 579 1020 τὰ
595 992 750 1020 τελευταῖα
773 988 903 1030 positam
928 988 1086 1019 exhibent.

243 1042 349 1073 Solent
365 1049 466 1072 autem
483 1041 589 1083 spuria
605 1040 728 1071 incertis
744 1040 868 1070 sedibus
884 1040 1001 1082 vagari.

283 1105 316 1135 p.
340 1093 403 1124 lvii.
426 1100 449 1123 e·
482 1092 621 1134 Ζωτικὸς]
648 1092 734 1122 Hinc
762 1091 877 1122 relatus
903 1091 933 1121 iu
963 1091 1086 1121 Catalo-

240 1155 315 1186 gum
333 1144 560 1175 Platonicorum
582 1155 633 1186 ap.
652 1143 774 1174 Fabi-ic.
793 1144 828 1173 B.
848 1144 905 1173 Gr.
926 1143 995 1173 III.
1019 1153 1086 1184 193.

242 1195 365 1226 HarleS.
390 1195 421 1228 ὃς
435 1196 480 1226 καὶ
492 1197 529 1226 τὰ
543 1194 723 1234 Ἀντιμάχου
739 1196 910 1234 διορθωτικὰ
924 1195 1087 1232 πεποίηται.

242 1247 313 1278 Non
331 1247 441 1289 effugit
456 1246 505 1277 hic
522 1246 606 1277 locus
621 1245 812 1288 diligentiam
839 1245 1089 1286 Schellcnbcrgii‚

1149 1203 1223 1232 guin
1243 1191 1461 1222 Fabricianum
1478 1191 1592 1222 relatus
1614 1199 1670 1222 est.

1150 986 1191 1016 rei
1208 986 1342 1028 publica:
1357 986 1491 1028 impetus
1506 986 1645 1027 cepisset,
1663 986 1804 1017 Plotinus
1824 998 1875 1017 eos
1895 986 1993 1028 repri-

1150 1049 1231 1068 mere
1248 1037 1378 1068 studuit.
1425 1038 1504 1067 Nam
1521 1037 1621 1075 fallor,
1636 1046 1690 1068 aut
1705 1049 1776 1079 quae
1791 1038 1871 1068 infra
1885 1037 1994 1079 legun—

1150 1096 1218 1119 tur:
1244 1089 1295 1119 τὸν
1310 1088 1462 1119 πολιτικὸν
1481 1087 1622 1127 ᾑρημένος
1644 1089 1724 1127 βίον,
1740 1100 1799 1119 non
1816 1088 1994 1119 obstant.—

1155 1140 1346 1170 lecodosins
1369 1139 1439 1170 hinc
1463 1139 1552 1170 etiam
1578 1139 1607 1170 in
1632 1139 1857 1170 Platonicorum
1880 1139 1994 1170 catalo-

1716 1190 1810 1221 Alius
1826 1190 1994 1221 Theodosii

1151 1242 1325 1284 philosophi
1358 1251 1388 1273 et
1422 1242 1629 1273 mathematici
1664 1242 1850 1272 mentionem
1878 1241 1996 1272 faciunt

242 1298 296 1340 qui
321 1298 350 1328 in
376 1297 557 1329 Antimachi
581 1297 688 1339 reliqq.
713 1309 743 1339 p.
759 1307 823 1337 50:
859 1301 879 1314 ‘⁶
898 1297 983 1326 Tum
1008 1296 1088 1326 enim
1108 1305 1133 1331 D
1153 1294 1264 1324 Strabo
1290 1295 1374 1324 XII.
1398 1296 1472 1334 566.
1500 1293 1611 1324 Suidas
1636 1301 1666 1324 et
1691 1293 1841 1324 Eudocia.
1887 1293 1937 1324 De
1959 1304 1996 1324 eo

243 1349 386 1380 Zoticum
409 1348 524 1380 Plotini
549 1348 729 1379 familiarem
753 1347 884 1390 legimus
907 1359 1016 1377 novam
1042 1359 1088 1377 re-

242 1400 413 1431 censionem
433 1399 611 1430 Antimachi
635 1399 803 1430 instituisse
825 1399 924 1429 aliove
947 1398 1040 1429 modo
1063 1399 1089 1429 ei

243 1451 436 1482 emendando
451 1451 586 1482 criticam
600 1461 724 1492 operam
741 1451 895 1481 navasse.“'
920 1450 1089 1492 Scripserat

243 1503 334 1533 etiam
351 1502 513 1543 Longinus
531 1502 626 1540 λέξεις
641 1501 832 1542 Ἀντιμάχου.
858 1501 946 1531 Suid.
963 1501 992 1531 iu
1010 1505 1088 1540 Λογ-

243 1557 332 1593 γῖνος.
353 1554 392 1584 cf.
412 1552 582 1584 Ruhnken.
599 1552 638 1583 de
656 1552 800 1594 Longino
818 1553 846 1592 ᾧ.
862 1553 954 1582 xlv.
973 1564 1002 1594 p.
1017 1562 1088 1593 524.

246 1605 371 1646 Bergm.
421 1604 531 1635 Obiter
560 1603 642 1634 addo
674 1603 778 1634 Suidae
809 1603 965 1635 lectionem
999 1605 1089 1635 etiam

244 1655 417 1686 confirmari
433 1655 472 1686 ab
489 1655 630 1686 Eudoeia
647 1667 675 1697 p.
690 1656 761 1696 283.

246 1707 416 1738 tonicorum
441 1706 644 1738 recentiorum
668 1707 697 1736 in
715 1706 943 1749 Colophonium
970 1711 1090 1749 poetam

245 1758 329 1789 lia'ud
346 1758 440 1789 dubie
463 1758 586 1789 incensa
608 1766 695 1789 erant
716 1758 810 1799 ipsius
828 1758 965 1789 Platonis
988 1771 1090 1789 exem-

246 1810 308 1851 plo,
325 1809 379 1851 qui
395 1816 547 1851 quantum
570 1809 758 1839 Antimacho
782 1809 934 1847 tribuerit,
959 1810 1090 1851 loquun-

248 1870 298 1891 tur
313 1872 346 1891 ea
364 1872 434 1902 quae
450 1860 597 1901 leguntur
613 1860 642 1890 in
660 1860 817 1891 Ciceronis
834 1861 932 1891 Bruto
948 1873 1015 1903 cap.
1030 1862 1090 1892 LI.

253 1922 320 1952 191.
344 1919 374 1942 et
397 1911 556 1942 dissertius
579 1911 669 1942 etiam
691 1923 762 1953 quae
782 1912 947 1943 Heraclide
965 1913 1094 1943 Pontico

247 1970 372 1993 auctore
394 1962 487 1992 refert
512 1962 642 1992 Proclus
665 1962 695 1992 in
721 1962 858 1993 Platonis
882 1963 1038 1994 'sima’um
1065 1964 1093 1994 I.

249 2025 279 2056 p.
301 2014 351 2043 28.

251 2065 376 2102 lantide‚
394 2065 432 2096 de
456 2076 519 2107 qua
537 2065 622 2095 Plato
646 2065 675 2095 in
701 2065 829 2096 Critias*
851 2066 979 2096 Fabric.
1027 2066 1096 2096 Imo

251 2117 335 2147 haud
359 2116 453 2147 dubie
476 2116 556 2147 hanc
578 2116 674 2158 ipsam
691 2116 720 2146 in
739 2128 775 2147 eo
792 2116 925 2157 Dialogo
943 2116 1097 2156 (Platonis

253 2169 336 2209 Opp-
360 2180 391 2210 p.
410 2168 479 2198 108.
498 2180 563 2210 sqq.
597 2167 705 2209 Steph.
722 2168 804 2198 Part.
821 2168 869 2198 ΙΙ.
888 2168 955 2198 Vol.
974 2169 1042 2198 III.
1066 2180 1095 2210 p.

256 2230 323 2259 149.
337 2232 402 2261 sqq.
419 2219 534 2259 Bekk.)
551 2219 719 2250 exhibitam
738 2219 941 2250 narrationem
961 2219 1098 2250 versibus

254 2271 417 2301 incluserat
434 2270 571 2300 Zoticus.
597 2271 652 2301 Cr.

289 2335 318 2365 p.
330 2322 401 2352 lviii.
416 2322 434 2352 f.
452 2322 561 2362 Ζῆθον]
583 2321 668 2351 Hinc
684 2321 714 2351 in
728 2321 904 2352 Platonicos
919 2321 1033 2352 relatus
1048 2333 1096 2363 ap.

1150 1461 1177 1479 c.
1198 1449 1242 1479 23*
1259 1449 1385 1478 Fnbrz'c.
1403 1448 1476 1490 ibiq.
1494 1456 1611 1478 anuott.

1150 1500 1244 1542 accipi
1270 1511 1396 1541 quoque
1422 1499 1517 1541 possit
1541 1499 1710 1529 honestatis
1734 1498 1995 1535 studiosissimus,

1152 1551 1195 1582 uti
1213 1559 1257 1582 est
1273 1551 1356 1593 apud
1377 1550 1574 1581 Aristotelem
1593 1549 1697 1580 Ethic.
1716 1549 1837 1579 Nicom.
1856 1549 1885 1579 I.
1903 1550 1932 1579 8.
1948 1559 1993 1579 11.

1152 1615 1181 1645 p.
1198 1606 1250 1643 56.
1268 1602 1367 1639 Zella,
1392 1613 1442 1644 ap.
1468 1601 1629 1632 Philonem
1654 1600 1692 1630 de
1714 1599 1784 1630 Vita
1809 1601 1891 1630 Mos.
1913 1607 1938 1631 l.
1966 1608 1996 1631 et

808 1658 885 1693 Qua·
902 1656 1003 1686 studia
1023 1656 1091 1686 Pla-
1109 1660 1133 1687 E
1152 1666 1201 1695 ap.
1230 1653 1384 1684 Plutarch.
1413 1653 1482 1684 adv.
1509 1652 1611 1683 Colot.
1639 1663 1669 1694 p.
1690 1659 1779 1691 1107.
1798 1652 1838 1682 E.
1868 1663 1898 1694 p.
1922 1653 1995 1693 526.

1152 1345 1212 1375 vid.
1231 1345 1366 1376 Rcinesii
1383 1346 1473 1376 Obss.
1492 1345 1520 1375 in
1540 1345 1627 1375 Suid.
1644 1356 1675 1387 p.
1690 1354 1758 1383 124.
1784 1345 1840 1375 Cr.

1194 1408 1222 1439 p.
1239 1397 1310 1427 lviii.
1324 1404 1347 1427 K.
1373 1397 1560 1439 Καστρίκιυς]
1587 1401 1607 1414 “
1618 1397 1668 1427 De
1681 1395 1830 1427 Castricio
1845 1395 1885 1426 cf.
1902 1406 1996 1437 Supra

1658 1448 1737 1478 Mox
1755 1448 1996 1486 φιλοκαλώτατος

1155 1706 1259 1746 u'ytt.
1286 1707 1338 1735 (¹12

1197 1768 1224 1798 p.
1237 1756 1309 1786 lviii.
1321 1764 1343 1785 ³¹.
1363 1756 1507 1795 ἠκροῶντο
1521 1756 1551 1785 δὲ
1564 1754 1666 1797 αὐτοῦ]
1686 1754 1822 1784 Verbum
1835 1754 1996 1793 ἀκροᾶσθαι

1153 1817 1182 1839 et
1204 1816 1333 1847 cognata
1357 1808 1482 1841 ἀκούειν,
1500 1807 1644 1836 διακούειν
1661 1805 1839 1848 simpliciter
1855 1805 1998 1847 usurpari

1151 1860 1190 1889 ‹le
1206 1859 1375 1901 discipulis,
1392 1859 1444 1900 qui
1462 1857 1614 1897 magistris
1631 1856 1798 1898 praesertim
1814 1856 1844 1886 in
1862 1856 1995 1898 philoso-

1155 1911 1227 1952 phia
1242 1921 1367 1952 operam
1383 1910 1469 1947 dant,
1482 1920 1542 1939 non
1559 1916 1614 1946 est,
1627 1907 1710 1949 quod
1723 1918 1915 1949 exponamus
1930 1916 2000 1950 post

1160 1961 1392 2003 U'yttt=1iliait·ltii
1408 1960 1647 2002 disputationem
1671 1958 1710 1989 ad
1733 1958 1936 1989 Plutarchum
1961 1958 1999 1989 de

397 2015 494 2044 Mox:
519 2013 570 2044 τὸν
585 2013 789 2044 Ἀτλαντικόν-
816 2019 836 2032 “
852 2015 901 2045 De
917 2015 1015 2045 insula
1034 2017 1093 2045 At-
1116 2023 1137 2049 F
1158 2021 1239 2043 ret-ta
1261 2012 1407 2043 audiendi
1430 2011 1557 2049 ratione,
1575 2009 1644 2040 Vol.
1656 2010 1713 2040 VI.
1731 2017 1810 2051 part.
1829 2010 1857 2039 Ι.
1876 2021 1908 2051 p.
1923 2019 1997 2051 303.

1157 2076 1178 2094 s(
1196 2088 1201 2094 .
1229 2066 1282 2095 Cr.

1181 2078 1228 2157 ip.
1241 2115 1310 2145 lviii.
1324 2115 1348 2145 b.
1366 2112 1732 2153 ΜάρκελλοςὈῤῥόντιος]
1751 2112 1841 2142 “Hic
1854 2118 1899 2142 est
1911 2112 1999 2142 Mar-

1157 2167 1261 2204 cellus,
1273 2166 1322 2197 cui
1339 2165 1501 2206 Longinus
1517 2164 1629 2194 librum
1644 2164 1708 2202 περὶ
1720 2163 1823 2195 τέλους
1837 2163 2002 2205 inscripsit,

1158 2219 1237 2248 infra
1252 2230 1276 2248 e.
1294 2217 1360 2247 zos*
1384 2217 1510 2246 Fabric.

1160 2269 1305 2311 Toupius
1328 2268 1365 2298 ad
1391 2267 1408 2297 l.
1426 2267 1445 2296 l.
1473 2266 1639 2308 Porphyrii
1665 2265 1710 2295 vel
1739 2265 1843 2307 potius
1867 2265 2001 2307 Longini

1159 2322 1300 2361 fragmni.
1319 2320 1355 2349 V.
1372 2329 1398 2348 1.
1422 2329 1451 2359 p.
1469 2327 1543 2358 520.
1563 2316 1682 2347 Weisk.
1706 2324 1735 2346 et
1761 2316 1939 2347 Boissonad.
1962 2316 2002 2347 ad

1556 2215 1636 2256 Ejus
1659 2214 1843 2244 mentionem
1863 2214 2003 2245 fecerunt

256 2374 378 2406 Fabric.
400 2373 420 2404 l.
438 2373 456 2402 l.
481 2381 511 2403 et
536 2372 680 2402 Reinesio
704 2384 829 2413 quoque
854 2380 1041 2403 memoratus
1065 2373 1095 2402 in
1116 2376 1141 2403 G
1160 2374 1285 2412 Eunap.
1302 2382 1331 2412 p.
1350 2379 1418 2408 170.
1437 2381 1482 2410 sq.
1501 2368 1552 2398 ubi
1569 2368 1608 2398 <le
1626 2367 1789 2410 Porphyrii
1805 2379 1901 2398 uxore
1917 2367 2002 2398 Mar-

255 2426 405 2457 Observv.
422 2424 453 2454 in
472 2423 597 2454 Suidam
622 2434 651 2464 p.
673 2432 741 2453 101.
765 2423 818 2464 qui
841 2423 934 2453 alium
960 2424 1097 2454 Zethum

254 2476 406 2507 musicum
421 2486 472 2517 ap.
486 2474 603 2505 Athen.
614 2474 715 2503 1'111.
728 2482 799 2514 351.
816 2474 989 2515 distinguit.
1022 2475 1099 2505 Lec-

256 2529 368 2560 tionem
384 2526 528 2566 Ἀράβιον
543 2525 702 2555 confirmat
718 2525 808 2554 etiam
828 2525 1003 2566 Stephanus
1020 2527 1097 2568 Byz.

255 2580 285 2610 in
300 2578 429 2618 Ἀραβία
444 2577 573 2618 ejusque
590 2576 739 2617 interpres
756 2575 917 2606 Bet-helius
935 2588 966 2617 p.
984 2587 1099 2616 151.—

256 2636 275 2648 “
290 2630 382 2660 Alius
398 2630 506 2665 Zetus,
523 2627 562 2658 de
577 2639 640 2669 quo
657 2626 778 2657 Alanus
795 2626 844 2657 lib.
858 2635 886 2656 2.
911 2627 989 2657 Anti
1007 2627 1099 2657 Clau-

256 2681 337 2712 diani
362 2692 393 2722 p.
414 2690 468 2721 49.
492 2687 615 2710 secutus
641 2677 800 2709 sidonium
832 2678 889 2708 IV.
918 2689 946 2719 3.
973 2678 1073 2720 Epist.
1091 2691 1096 2708 1

1159 2423 1244 2458 cella,
1260 2422 1395 2462 itemque
1413 2419 1637 2461 W'yttenbach.
1662 2430 1693 2461 p.
1709 2428 1762 2459 43.
1808 2421 2000 2456 Σαβινῖλλος.

1161 2471 1373 2504 Cassiodorius
1397 2470 1426 2500 in
1452 2471 1591 2501 Chronn.
1615 2470 1654 2500 ad
1677 2481 1790 2500 annum
1809 2470 1892 2500 U.C.
1909 2471 2000 2500 1018.

1160 2537 1189 2567 p.
1204 2524 1262 2555 Ch.
1281 2524 1393 2553 11.266.
1420 2523 1581 2552 Gallicum
1600 2522 1672 2551 VII.
1688 2526 1716 2551 ct
1728 2520 1901 2551 Sabinillus
1916 2521 2000 2551 Cos-5¹.

1161 2576 1278 2607 Chron.
1298 2573 1469 2604 Alexandr.
1490 2573 1656 2610 Γαλλιήιιου
1679 2585 1711 2602 το
1734 2570 1759 2607 ζ
1776 2571 1822 2600 καὶ
1842 2573 2001 2608 Σαβιαιόῦ.

1161 2628 1245 2657 Fast.
1265 2625 1401 2655 Florent.
1419 2625 1491 2655 min.
1510 2626 1674 2662 Γαλληΐιός
1696 2622 1728 2652 τὸ
1752 2621 1777 2658 ζ’
1793 2622 1839 2651 καὶ
1863 2623 2002 2659 §lofin-65.

1162 2677 1245 2709 Fasti
1265 2676 1348 2707 Flor.
1368 2676 1437 2717 maj.
1457 2677 1621 2712 Γαλλιηυοῦ
1643 2674 1675 2703 τὸ
1698 2672 1724 2709 ζ’
1747 2673 1792 2702 καὶ
1809 2673 2004 2709 Σαβιιέλλος.
