2201 2990
319 173 373 224 36

318 269 390 299 inde
407 281 477 300 vero
492 269 584 300 solem
600 270 690 302 simul
704 271 839 314 attingit,
855 284 910 315 per
925 280 1065 304 naturam
1083 285 1153 304 vero

320 312 451 342 mediam
478 313 508 343 in
535 320 621 344 motu
647 314 757 356 primo,
781 315 912 357 ideoque
937 325 1096 358 perpetuo,
1123 323 1153 347 et

320 355 389 385 ideo
403 355 541 386 circulari
561 357 690 398 positam
713 367 876 400 perpetuas
898 370 988 401 agere
1004 359 1098 390 vices:
1123 367 1153 390 et

319 397 378 428 alio
399 398 524 440 quidem
551 400 652 430 seculo
674 400 705 431 in
731 401 849 432 mundo
875 401 1070 444 intelligibili,
1093 402 1152 432 alio

320 440 449 472 vicissim
466 441 496 472 in
511 442 644 473 sensibili
658 443 771 474 vivere:
790 455 888 486 neque
904 445 935 475 id
950 445 1072 487 proprie
1088 445 1151 475 fieri

320 484 489 515 mutatione
513 485 667 516 locorum:
699 487 751 517 sed
774 487 899 529 quando
922 494 951 518 et
975 487 1152 529 imaginatio

320 526 360 557 ad
382 527 541 566 rationem,
557 536 587 559 et
609 529 687 560 ratio
706 529 745 560 ad
768 537 900 560 mentem
919 537 983 560 tota
1002 530 1152 561 converti—

320 577 382 607 tur,
398 578 471 601 tunc
485 571 621 602 animum
637 571 697 602 dici
712 572 750 603 ad
766 573 916 603 mundum
932 572 1151 614 intelligibilem

320 613 498 644 ascendisse.
543 615 590 645 At
607 626 677 645 cum
698 622 728 645 et
750 616 827 645 ratio
847 615 885 645 ad
906 615 1152 656 imaginationem

320 667 417 693 suam,
441 664 471 687 et
493 657 670 699 imaginatio
693 658 758 688 baec
780 658 820 688 ad
842 658 1014 688 inferiorem
1041 658 1153 690 scilicet

319 699 457 730 animalis
476 700 523 730 vel
545 700 651 741 geniti,
668 700 715 730 vel
733 701 798 742 jam
820 700 986 742 generandi
1009 700 1153 743 imagina-

319 742 431 772 tionem
447 754 509 773 sese
525 742 630 780 flectit,
648 751 720 773 tunc
741 743 843 785 lapsus
864 743 893 773 in
915 743 1066 774 mundum
1083 756 1151 775 sen-

320 785 436 815 sibilem
459 785 625 827 judicatur.
677 786 806 816 Animas
833 797 906 827 ergo
931 786 1065 828 triplices
1089 799 1152 819 esse

321 828 413 858 tradit
426 841 432 858 :
458 828 546 859 Alias
561 829 591 858 in
607 828 753 870 superiori
769 829 886 859 mundo
903 841 1031 871 semper,
1047 830 1153 872 quales

320 879 391 902 sunt
407 871 606 913 sphaerarum,
624 871 842 912 stellarumque
857 880 886 901 et
903 872 1089 903 Daemonum
1105 885 1153 904 su-

319 914 473 955 periorum
500 914 625 944 animm:
651 914 733 944 Alias
753 914 783 943 in
808 914 924 945 mundo
939 915 1072 946 inferiori
1089 925 1153 947 tan-

321 964 406 987 tum:
437 956 542 998 quales
565 956 623 987 sint
646 956 829 998 vegetationi
853 965 973 988 tantum
996 966 1026 989 et
1052 960 1152 990 sensui

319 1000 465 1041 passionis
490 999 620 1029 addicti:
652 999 774 1029 Medias
799 1008 912 1037 autem,
938 1001 969 1031 id
992 1009 1037 1032 est
1062 1002 1152 1032 ratio-

319 1042 411 1079 nales,
435 1042 496 1072 sive
519 1050 629 1072 nostra»
655 1042 725 1080 sint,
750 1042 812 1073 sive
836 1043 1013 1074 inferiorum
1030 1045 1153 1075 Daemo-

320 1096 405 1121 num,
422 1085 619 1126 sempiternas
640 1085 708 1115 binc
730 1085 802 1116 illuc
823 1093 916 1127 atque
934 1095 1040 1117 contra
1063 1099 1151 1129 pera-

317 1139 389 1169 gere
412 1128 498 1157 vices.
547 1127 680 1158 Proinde
703 1128 819 1159 animas
842 1136 960 1159 nostras
983 1129 1012 1159 in
1036 1130 1153 1160 mundo

319 1170 465 1212 superiori
487 1170 560 1200 alias
582 1171 738 1207 attentius,
755 1171 828 1202 alias
848 1172 1000 1202 remissius
1020 1181 1153 1203 contem-

319 1213 405 1254 plari,
419 1213 465 1243 vel
480 1213 570 1243 affici:
595 1214 855 1255 quemadmodum
870 1223 899 1245 et
915 1215 944 1245 in
961 1215 1018 1245 boc
1035 1216 1152 1246 mundo

318 1256 391 1287 alias
406 1256 444 1286 ad
462 1256 525 1286 haec
541 1257 647 1297 magis,
660 1256 733 1287 alias
749 1258 849 1287 minus
865 1258 1004 1288 videmus
1019 1260 1149 1289 affectas.

318 1300 391 1329 Jam
415 1311 496 1336 vero,
519 1311 590 1341 (11116
616 1299 675 1330 11116
702 1301 882 1342 propensius
904 1309 1080 1343 operantur,
1106 1302 1150 1332 vel

318 1342 418 1372 onmia
434 1342 474 1372 ibi
492 1342 605 1378 divina,
617 1342 661 1373 vel
678 1343 810 1385 plurima
826 1344 1033 1386 contemplari.
1059 1345 1152 1375 Tales

319 1385 412 1426 igitur
433 1385 548 1415 animos
571 1386 696 1426 quando
716 1387 804 1417 certis
825 1395 995 1428 temporum
1013 1388 1151 1418 curricu-

319 1427 353 1457 lis
371 1429 435 1469 jam
458 1428 595 1469 peractis,
613 1429 759 1470 paulatim
781 1430 818 1460 ad
841 1430 991 1460 sensibilia
1013 1430 1153 1461 relabun-

319 1479 381 1507 tur,
398 1471 513 1501 diutius
533 1471 634 1501 adbuc
651 1472 688 1502 ad
705 1473 878 1503 divinorum
901 1473 1151 1504 reminiscentiam

320 1522 476 1555 promptos
506 1526 718 1555 perseverare:
754 1524 784 1546 et
810 1516 863 1557 (1111
890 1516 968 1546 111161·
995 1525 1152 1558 promptos

318 1557 453 1586 omnium
476 1558 692 1599 promptissimi
714 1567 795 1595 sunt,
813 1559 1023 1601 philosophico
1038 1560 1151 1590 censeri

319 1600 439 1639 ingenio
454 1600 610 1641 pra-ditos:
633 1601 684 1642 qui
702 1602 836 1632 secundo
851 1602 949 1643 gradu
967 1611 1037 1633 sunt
1053 1614 1153 1644 prom-

319 1642 373 1683 pti,
397 1642 518 1683 ingenio
542 1643 732 1685 potissimum
759 1645 916 1681 amatorio,
941 1645 992 1686 11111
1020 1645 1151 1687 (1611111116

320 1685 418 1723 tertio,
434 1685 471 1715 ad
497 1686 639 1717 musicam
664 1687 812 1729 aptiores:
837 1688 890 1730 11111
914 1689 993 1718 6111111
1018 1700 1071 1731 1161·
1093 1697 1152 1719 tac-

319 1736 396 1765 tum,
420 1737 556 1770 gustum,
577 1738 606 1760 ct
629 1729 773 1761 olfactum
798 1731 1026 1772 quodammodo
1048 1743 1153 1774 corpo-

320 1783 384 1801 reos
407 1772 497 1801 rebus
519 1772 686 1803 admodum
709 1774 861 1815 corporeis
884 1775 1046 1816 mancipati
1070 1783 1151 1811 sunt,

318 1814 357 1844 ab
370 1814 421 1844 illo
437 1826 561 1856 prorsus
577 1816 754 1858 incorporeo
769 1817 885 1848 mundo
901 1817 1089 1848 remotissimi
1102 1819 1152 1859 ju-

319 1857 475 1887 dicantur:
501 1866 607 1899 utpotc
630 1860 682 1900 11111
707 1871 767 1889 111111
791 1871 889 1902 nuper
904 1873 940 1891 cx
958 1860 1008 1890 illo
1025 1861 1053 1890 in
1071 1861 1152 1891 bunc

320 1900 517 1933 descendisse.
531 1901 581 1931 5611
599 1901 720 1932 aliunde
736 1903 795 1933 buc
809 1904 1037 1943 transmigrasse
1051 1904 1153 1946 potius

320 1942 489 1973 videantur.
514 1945 553 1973 At
569 1956 639 1974 vero
652 1945 806 1985 ingenium
821 1946 1062 1988 philosophicum
1077 1947 1151 1977 dum

320 1985 434 2015 ratione
456 1997 555 2016 rerum
579 1988 761 2019 naturalium
785 1990 913 2019 rationes
930 1990 1065 2031 indagat,
1082 2002 1152 2032 quae

320 2028 358 2057 ab
379 2028 452 2058 ideis
475 2029 663 2070 potissimum
686 2031 893 2070 deducuntur,
908 2032 1026 2063 divinas
1047 2034 1151 2075 auspi-

320 2079 406 2118 catur
423 2071 514 2102 ideas.
564 2074 695 2104 Proinde
712 2075 793 2105 visus
814 2084 906 2117 atquc
922 2076 1046 2106 auditus
1062 2088 1152 2118 prox-

321 2125 370 2143 11111
397 2114 519 2144 rationis
544 2125 652 2147 nostra*
676 2117 802 2147 ministri
831 2119 938 2148 merito
958 2119 1150 2160 judicantur.

321 2156 400 2193 Quia
416 2165 445 2187 et
461 2158 560 2187 minus
580 2161 715 2201 corporei
737 2169 817 2198 511111,
834 2169 863 2191 61
883 2162 961 2191 circa
983 2173 1029 2191 res
1051 2162 1152 2193 miuus

320 2199 547 2239 ‹piodannnodo
562 2213 720 2243 corporeas
736 2205 846 2234 versari
862 2204 1018 2235 videntur:
1040 2213 1152 2246 61111111ι

320 2242 414 2272 oculis
431 2251 460 2272 et
474 2243 599 2273 auribus
615 2246 797 2283 offeruntur,
814 2247 1036 2278 exactissimum
1054 2260 1151 2289 (111611-

320 2285 389 2314 dam
406 2285 542 2315 ordinem
560 2287 747 2318 manifestius
762 2301 825 2330 111-16
841 2302 872 2320 56
887 2291 1000 2321 ferunt.
1039 2292 1152 2328 Quam-

320 2327 423 2358 obrem
440 2328 558 2358 facilius
578 2341 615 2359 ex
632 2330 677 2361 bis
697 2331 818 2362 duobus
839 2333 987 2369 sensibus,
1004 2345 1095 2375 quam
1113 2346 1150 2364 ex

320 2370 385 2401 aliis
413 2370 451 2400 ad
482 2371 666 2403 intellectum
699 2374 977 2417 intellectualesque
1006 2376 1149 2413 rationes,

322 2413 402 2443 unde
418 2414 515 2443 omnis
530 2415 605 2445 ordo
620 2416 802 2457 disponitur,
819 2419 975 2459 provocari
999 2419 1129 2450 solemus
1143 2433 1148 2450 :

322 2456 370 2487 Sic
386 2456 490 2498 itaque
506 2456 579 2487 dum
596 2459 672 2489 ratio
687 2459 724 2489 ad
742 2459 915 2491 divinorum
936 2470 1079 2503 properat
1102 2474 1149 2493 sa-

320 2499 476 2540 pientiam,
490 2500 572 2530 visus
587 2500 701 2532 interea
718 2510 874 2544 utcunque
890 2512 988 2545 potest
1005 2504 1151 2536 inventio-

320 2553 389 2572 nem
405 2542 498 2572 menti
514 2544 701 2585 suppeditat,
718 2545 841 2575 auditus
864 2547 1000 2587 suggerit
1015 2547 1149 2589 discipli-

320 2595 398 2615 nam.
438 2586 634 2628 Quapropter
648 2596 678 2618 et
693 2587 803 2629 triplici
818 2588 857 2618 ad
872 2588 1061 2620 divinitatem
1077 2590 1152 2621 calle

320 2628 523 2669 procedimus,
549 2629 676 2668 ratione,
698 2630 776 2669 visu,
797 2631 926 2666 auditu,
951 2639 979 2662 ct
1005 2640 1064 2663 tres
1090 2633 1151 2663 ani-

320 2682 440 2702 morum
464 2679 581 2703 naturae
600 2672 671 2704 illuc
691 2674 863 2716 promptius
885 2675 1067 2712 evehuntur,
1085 2682 1150 2706 tum

766 175 1190 215 ARGUMENTUM
1221 176 1450 216 MARSIL.
1481 176 1512 214 F
1517 175 1583 214 IC.

1196 273 1404 316 philosophica
1420 272 1523 303 dedita
1538 271 1658 309 rationi,
1675 279 1740 302 tum
1758 272 1852 303 oculis
1870 273 2026 310 amatoria,

1197 325 1261 347 tum
1285 316 1405 346 auditui
1425 315 1555 345 musica:
1580 314 1665 356 quod
1679 315 1770 346 Plato
1785 317 1819 346 in
1834 316 1977 354 Phoedm,
1992 327 2028 345 ac

1197 360 1349 390 Plzcecloue
1365 363 1506 389 testatur.

1209 444 1254 471 De
1269 444 1352 470 tribus
1367 442 1630 478 contemplationibus
1644 443 1670 469 in
1685 443 1783 469 mundo
1798 444 1969 479 intelligibili,
1982 447 2006 470 et

1447 482 1531 509 tribus
1543 483 1637 509 deinde
1652 483 1770 518 ingeniis.

1246 533 1399 562 Praeterea
1424 530 1454 560 in
1481 530 1598 560 mundo
1624 529 1728 560 divino
1755 530 1811 561 tria
1837 530 2027 572 potissimum

1196 575 1380 616 cogitantur,
1407 573 1530 615 species,
1554 580 1584 603 et
1610 584 1766 610 numerus,
1791 581 1884 615 atque
1907 574 2025 604 modus.

1197 618 1276 647 Nam
1297 625 1326 647 et
1349 628 1432 646 mens
1454 616 1520 657 ipsa
1541 615 1645 646 divina
1666 616 1764 657 prima
1787 616 1901 658 species
1923 623 1980 653 est,
1997 623 2028 647 et

1196 660 1340 702 quaelibet
1362 659 1431 689 idea
1456 658 1570 700 species
1593 658 1655 688 sive
1678 659 1786 689 fornia.
1832 660 1943 689 Certus
1969 659 2028 690 illic

1196 711 1241 733 est
1263 714 1408 733 numerus
1431 710 1496 732 tum
1519 701 1698 738 formarum,
1715 709 1781 731 tum
1796 701 1826 731 in
1844 713 2028 743 unaquaque

1196 746 1293 776 forma
1309 756 1425 783 eorum,
1441 756 1511 786 quae
1532 751 1602 774 sunt
1624 744 1748 786 propria
1762 745 1876 775 formae.
1919 746 2030 775 Certus

1196 795 1239 819 est
1261 796 1290 819 et
1312 788 1423 818 modus
1446 788 1507 818 sive
1527 798 1669 817 mensura
1684 787 1804 817 virtutis
1824 795 1854 818 et
1873 787 2030 829 proportio

1196 831 1349 873 quaedam,
1374 839 1439 861 tum
1465 830 1633 861 formarum
1660 830 1689 860 in
1717 842 1748 860 se
1771 830 1820 860 vel
1843 830 1883 860 ad
1905 831 2028 867 formas,

1197 882 1262 904 tum
1279 874 1317 904 ad
1335 885 1477 904 numeros
1492 884 1699 904 numerorum.
1744 873 1811 904 Etsi
1828 873 1886 904 tria
1900 873 1964 904 baec
1981 885 2029 904 ra-

1197 917 1278 947 tione
1293 917 1426 958 quadam
1443 917 1522 947 inter
1537 928 1568 946 se
1583 916 1827 957 distinguuntur,
1846 916 1876 946 in
1899 916 1964 958 ipsa
1987 924 2030 947 ta—

1196 971 1265 990 men
1281 960 1378 1001 specie
1398 960 1459 990 sive
1477 960 1575 990 forma
1594 966 1624 989 et
1647 970 1792 989 numerus
1812 959 1986 990 continetur
2000 966 2029 990 et

1196 1003 1316 1039 modus,
1345 1003 1396 1033 sed
1424 1003 1539 1032 ratione
1565 1002 1693 1032 formali.
1740 1003 1819 1032 Item
1845 1002 1876 1032 in
1903 1013 2030 1033 numero

1197 1053 1263 1075 tum
1285 1046 1384 1075 forma
1403 1053 1458 1082 est,
1476 1053 1540 1075 tum
1565 1045 1683 1081 modus,
1700 1045 1873 1075 conditione
1895 1045 2028 1086 quadam

1196 1089 1350 1130 praecipue
1367 1099 1538 1118 numerosa.
1564 1088 1601 1117 In
1618 1088 1709 1117 modo
1721 1099 1825 1118 rursus
1839 1096 1932 1130 atque
1948 1099 2030 1118 men-

1197 1142 1277 1166 sura,
1303 1130 1438 1161 similiter
1463 1138 1523 1161 tam
1551 1130 1649 1160 forma
1675 1139 1730 1166 est,
1753 1142 1844 1172 quam
1872 1142 2029 1167 numerus,

1196 1173 1403 1215 proportione,
1425 1181 1457 1203 ut
1479 1173 1519 1203 ita
1539 1173 1678 1209 dixerim,
1703 1173 1875 1204 mensurali.
1913 1175 2028 1211 Quam-

1194 1216 1298 1246 obrem
1315 1216 1407 1246 animi
1423 1215 1595 1246 divinorum
1612 1216 1874 1257 contemplatores,
1890 1217 2030 1258 quamvis

1195 1258 1307 1299 singuli
1328 1266 1438 1289 cuncta
1459 1258 1658 1300 conspiciant,
1674 1266 1766 1299 atque
1788 1267 1901 1295 ament,
1918 1259 1969 1289 alii
1986 1268 2029 1290 ta-

1196 1313 1263 1332 111611
1289 1309 1350 1332 tam
1375 1301 1546 1343 cognitione
1571 1313 1662 1342 quam
1690 1302 1812 1338 affectu,
1834 1302 1872 1332 ad
1900 1302 2028 1344 speciem

1196 1345 1290 1386 ipsam
1315 1357 1384 1375 mox
1411 1345 1474 1375 duo
1497 1344 1615 1386 reliqua
1640 1344 1795 1374 referunt:
1821 1344 1870 1375 alii
1896 1356 1967 1375 vero
1989 1345 2028 1376 ad

1197 1399 1358 1418 numerum
1382 1387 1469 1418 simili
1494 1388 1626 1418 ratione:
1651 1387 1699 1417 alii
1721 1387 1843 1418 tandem
1867 1387 1905 1418 ad
1928 1388 2028 1430 ipsum

1196 1430 1320 1461 modum
1349 1439 1441 1472 atque
1468 1442 1649 1461 mensuram.
1696 1431 1746 1460 Ex
1774 1430 1878 1472 primis
1904 1431 2027 1472 quidem

1196 1474 1351 1515 ingenium
1379 1474 1519 1516 provenit
1545 1473 1802 1515 philosophicum,
1827 1485 1864 1504 ex
1889 1474 2029 1504 secundis

1197 1528 1268 1547 vero
1284 1517 1443 1553 musicum,
1460 1529 1496 1547 ex
1514 1516 1608 1547 tertiis
1625 1528 1722 1558 neque
1738 1516 1931 1547 inferioribus
1945 1528 2027 1547 ama-

1196 1559 1318 1590 torium.
1344 1560 1480 1590 Tametsi
1497 1561 1553 1590 tria
1570 1559 1634 1589 lucc
1650 1559 1770 1600 ingenia
1786 1559 1826 1590 sic
1841 1560 1936 1590 ferme
1951 1559 2029 1590 inter

1196 1615 1226 1633 se
1249 1603 1413 1643 conjugata
1437 1610 1518 1639 sunt,
1543 1602 1802 1644 quemadmodum
1827 1603 1949 1644 species,
1974 1614 2028 1633 nu-

1196 1657 1358 1687 merusque
1373 1654 1400 1675 ct
1419 1646 1528 1675 modus
1543 1645 1669 1675 invicem
1686 1653 1920 1676 connectuntur.
1961 1646 2028 1676 Pbi-

1197 1688 1340 1730 losopbus
1366 1689 1460 1728 igitur
1486 1689 1515 1718 in
1542 1688 1750 1729 excogitandis
1777 1688 1911 1719 numeris
1935 1696 2028 1730 atque

1197 1732 1345 1762 mensuris
1365 1732 1493 1774 speciem
1518 1731 1624 1773 ipsam,
1647 1740 1740 1773 atque
1764 1739 1903 1762 naturam
1927 1732 2029 1773 potius

1196 1774 1374 1805 admiratur.
1410 1775 1551 1804 Musicus
1566 1781 1667 1805 autem
1684 1775 1714 1804 in
1731 1774 1858 1812 naturis,
1874 1781 1904 1805 et
1919 1774 2026 1811 modis,

1196 1824 1289 1858 atque
1309 1818 1457 1847 mensuris
1477 1817 1514 1848 ad
1531 1829 1656 1847 canoros
1678 1828 1820 1847 numeros
1835 1817 2028 1847 veliementer

1196 1860 1334 1891 afficitur.
1380 1863 1511 1890 Amator
1531 1860 1663 1901 denique
1686 1860 1810 1890 modum
1835 1860 1976 1890 ardenter
1997 1860 2027 1890 in

1196 1903 1337 1934 omnibus
1363 1914 1597 1944 mensuramque
1620 1911 1762 1933 sectatur.
1807 1904 1922 1933 Omnes
1945 1914 2027 1933 sum-

1196 1946 1300 1976 matim
1318 1955 1388 1982 tres,
1407 1946 1545 1977 l‘lotinus
1560 1946 1612 1982 ait,
1628 1946 1666 1976 ad
1684 1945 1841 1976 sublimem
1858 1945 2028 1987 pulchritu-

1195 1989 1297 2019 dinem
1320 1989 1441 2025 elcvari,
1457 1989 1487 2019 id
1508 1997 1562 2025 651,
1578 1989 1616 2019 ad
1640 1989 1773 2019 divinam
1798 1997 1941 2024 mentem,
1957 2000 2027 2030 quae

1196 2032 1293 2073 prima
1308 2032 1505 2074 pulchritudo
1521 2040 1575 2068 est,
1589 2032 1682 2074 ipsius
1698 2031 1768 2061 boni
1785 2031 1927 2074 splendor
1942 2040 2028 2062 aeter-

1196 2087 1264 2111 nus,
1281 2076 1309 2105 in
1327 2087 1388 2117 qua
1404 2083 1468 2105 tum
1485 2075 1608 2117 speeies,
1626 2082 1690 2105 tum
1708 2086 1863 2111 numerus,
1880 2082 1946 2105 tum
1962 2086 2026 2105 mo-

1196 2118 1265 2155 dus,
1281 2118 1367 2160 quasi
1385 2119 1503 2149 Gratim
1521 2126 1581 2148 tres
1601 2130 1632 2148 se
1652 2118 1778 2148 invicem
1795 2117 2028 2159 complectentes

1195 2161 1234 2191 ad
1249 2162 1396 2203 integram
1419 2161 1678 2203 pulchritudinem
1700 2161 1882 2202 plenamque
1897 2160 2026 2202 gratiam

1196 2216 1283 2246 {eque
1298 2204 1482 2235 conducunt.
1516 2205 1594 2234 Item
1611 2204 1703 2234 alium
1720 2203 1820 2245 inquit
1833 2203 1920 2234 aliter
1934 2211 2027 2245 atque

1195 2247 1282 2278 aliter
1306 2247 1439 2278 excitari.
1491 2248 1612 2277 Rursus
1638 2255 1800 2288 postquam
1827 2246 1866 2276 ad
1892 2246 2025 2277 divinam

1196 2299 1338 2327 mentem,
1355 2290 1407 2332 qui
1424 2298 1454 2320 et
1469 2290 1604 2320 muudus
1619 2289 1815 2331 intelligibilis
1835 2297 1891 2327 est,
1907 2300 2026 2319 surrex-

1195 2333 1283 2371 erint,
1299 2333 1340 2363 1111
1356 2345 1410 2375 per
1425 2333 1526 2363 omnia
1541 2333 1679 2363 idearum
1694 2344 1805 2374 genera
1821 2344 1876 2363 suo
1891 2331 2024 2374 quodam

1194 2376 1300 2406 ordine
1317 2376 1473 2418 progredi:
1496 2376 1618 2406 tandem
1634 2387 1671 2406 ex
1688 2388 1723 2406 eo
1738 2375 1855 2406 mundo
1869 2374 1971 2415 egredi
1987 2374 2026 2405 ad

1194 2419 1293 2461 ipsum
1310 2420 1435 2456 bonum,
1452 2420 1536 2460 quod
1559 2418 1665 2449 mundi
1688 2418 1768 2448 1111115
1790 2417 1972 2460 principium
1989 2417 2026 2448 sit

1194 2469 1223 2492 et
1240 2462 1318 2492 finis.
1364 2463 1437 2492 Post
1458 2462 1523 2493 haec
1544 2473 1605 2503 qua
1627 2461 1743 2492 ratione
1763 2460 1917 2502 ingenium
1934 2460 2026 2490 musi-

1194 2516 1264 2535 cum
1287 2505 1359 2535 illuc
1382 2513 1446 2536 tum
1472 2513 1580 2535 natura
1599 2512 1715 2545 vergat,
1733 2512 1796 2534 tum
1819 2510 1883 2534 arte
1899 2503 2026 2540 feratur,

1194 2548 1345 2590 explanat.
1391 2549 1511 2579 Natura
1533 2548 1612 2578 enim
1635 2547 1675 2578 ad
1698 2545 1958 2588 pulchritudinem
1981 2554 2026 2577 est

1194 2602 1391 2632 propensum,
1412 2591 1454 2621 ita
1473 2590 1623 2627 videlicet,
1640 2597 1675 2620 ut
1696 2600 1751 2631 per
1770 2588 1913 2631 pulchras
1936 2600 2025 2619 voces

1194 2633 1233 2663 ad
1248 2634 1453 2676 proportionis
1468 2632 1726 2676 pulchritudinem
1742 2643 1932 2662 numerosam
1949 2643 2026 2673 prae-

1194 2676 1282 2718 cipue
1297 2677 1473 2708 concitetur.
1520 2677 1581 2707 Hic
1596 2687 1669 2717 ergo
1681 2674 1837 2705 docendus
1858 2682 1914 2714 est,
1928 2674 1959 2705 id
1980 2674 2026 2716 ip-
