2201 2990
606 145 763 175 VITAM
789 143 1014 174 AUCTORE
1041 143 1329 174 PORPHYRIO.
1355 155 1384 185 p.
1402 144 1475 175 lxiv.
1494 145 1554 174 lxv.

1886 151 1954 181 cxiii

201 247 264 278 quo
280 235 423 266 Clemens
439 231 532 262 Alex.
552 230 696 260 Stromm.
714 229 772 259 VI.
795 239 825 270 p.
844 230 922 267 642:
950 229 1042 266 ἀλλη-
1063 229 1086 255 Α
1106 233 1187 258 recte
1202 228 1291 258 factis
1310 228 1536 258 confirmamus.
1584 230 1723 272 Usurpat
1743 233 1901 265 Lucianns
1924 236 1952 266 in

198 285 327 326 γορήσας
350 283 558 321 ἐθεολόγησεν,
575 280 676 322 operis
699 279 747 310 sui
770 279 891 309 initium
914 279 953 309 ab
978 281 1043 321 ἳερῷ

198 338 290 378 γάμῳ,
314 332 526 375 cosmogonico
552 330 704 367 videlicet,
731 329 864 360 duxerat
893 329 1043 371 (Diogen.

199 388 304 418 Laert.
323 387 349 416 I.
369 394 437 425 119.
467 383 507 414 cf.
526 383 628 413 Sturz.
651 381 681 411 in
707 381 850 422 I'rolegg.
867 381 905 411 ad
927 381 1042 412 Phere-

196 437 282 480 cydis
298 438 413 477 Fragg.
437 446 468 476 p.
485 443 538 472 40.
556 445 623 475 sqq.
640 432 689 463 ed.
705 433 773 472 alt.)
799 431 959 462 Senarium
985 443 1040 463 nu-

195 498 312 518 merum
344 486 439 526 γάμον
468 485 610 515 dixerant
642 483 841 526 Pythagorei.
889 483 960 514 Vid.
987 485 1040 515 Jo.

195 539 292 570 Laur.
317 537 445 579 Lydum
470 536 508 566 de
533 535 667 566 Mensib.
686 536 735 565 II.
760 545 806 566 ιο.
833 547 865 577 p.
883 537 934 565 68.
959 543 989 566 et
1011 535 1041 566 in

194 601 263 621 eum
282 596 427 620 annotata
442 587 471 617 in
489 587 536 617 ed.
555 586 702 617 Roetheri
726 586 831 617 nostri.

196 640 345 672 Platonici
362 638 544 670 recentiores
561 638 607 668 his
628 637 658 668 in
676 637 795 679 placitis
817 650 848 668 se
871 638 909 668 ad
927 638 1041 680 prisco-

194 704 262 723 rum
294 691 560 734 philosophorum,
591 690 860 732 Pythagoreorum
892 690 1041 732 inprimis,

194 743 341 775 rationem
365 742 567 784 applicarent,
583 741 672 772 facilc
695 748 740 772 est
763 741 932 777 intellectu,
952 741 1043 783 quale

193 802 410 837 argumentum
433 793 527 824 fuerit
546 793 641 834 hujus
663 792 806 823 carminis
823 793 1040 835 Porphyriani.

920 844 968 875 Cf.
987 845 1043 874 ΞΕ-

884 897 908 926 C
913 903 1007 926 aeteru
1013 907 1040 926 m

196 847 274 876 Bon
295 846 436 880 εἰπόντος,
453 845 611 883 μαίνεσθαι
626 844 679 874 τὸν
696 845 878 883 Πορφύριον.

194 896 520 934 lian.v.n.11.44.
551 896 618 926 111.
636 907 666 936 9.
699 896 767 926 111.
785 905 836 936 52.

192 948 275 979 hunc
292 947 458 989 Porphyrii
474 946 574 977 locum
591 946 751 977 commode
771 947 982 978 adhibuerunt
998 947 1043 978 in-
1061 946 1084 974 C

193 1006 341 1042 terpretes
364 999 403 1029 N.
425 999 467 1029 T.
490 998 528 1029 ad
553 998 771 1040 explicandum
794 998 879 1028 Festi
903 998 978 1029 illud
1003 998 1042 1029 ad

194 1050 327 1081 Paulum
345 1052 469 1081 Actorr.
488 1050 621 1080 XXVI.
641 1059 696 1088 24:
722 1050 821 1088 μαίνῃ,
838 1052 954 1080 Παῦλε.
993 1050 1043 1082 Cf.

193 1102 284 1133 etiam
310 1101 506 1132 Valckenaer.
531 1101 569 1132 ad
595 1102 721 1131 Actorr.
743 1101 791 1131 II.
815 1109 841 1141 7.
870 1101 898 1131 in
926 1101 1044 1132 Scholis

194 1165 227 1196 p.
242 1154 317 1194 346.
940 1152 1045 1183 Philo-

197 1205 282 1235 strati
308 1204 433 1235 Heroic.
457 1216 486 1246 p.
505 1212 577 1244 719.
601 1215 630 1246 p.
654 1206 721 1234 160.
739 1204 891 1234 Boisson.:
916 1203 1042 1235 Ἀκόλα·

199 1269 272 1286 στον
292 1257 323 1286 δὲ
347 1256 432 1286 οὐδὲν
452 1255 617 1295 ἐφθέγξατο
641 1255 677 1286 ἂν
701 1256 795 1288 οὐδεὶς
811 1257 843 1286 ἐν
864 1257 978 1297 ἐπηκόῳ
994 1259 1046 1286 τοῦ

363 1153 503 1184 Deinde:
537 1154 577 1185 εἰς
603 1152 900 1191 ἐπήκοον-πάντων.

877 587 950 617 Jam
971 598 1040 617 cum
1060 591 1085 617 B

1107 277 1239 319 Nigrino
1261 280 1289 318 ξ.
1307 288 1358 319 37.
1375 290 1406 320 p.
1425 279 1474 309 80.
1493 279 1539 309 ed.
1559 281 1662 311 Amst.
1688 282 1802 314 VVetst.
1819 286 1953 328 itemque

1107 329 1255 360 Libanius
1272 330 1374 371 Epist.
1393 330 1474 360 XII.
1500 330 1539 360 ad
1566 331 1745 362 Bassianum
1770 345 1801 375 p.
1818 345 1888 375 271.
1909 337 1951 377 (in

1106 379 1204 410 Wolf.
1227 380 1384 421 Anecdd.)
1402 381 1440 411 ad
1460 382 1678 412 Heraclianum
1704 395 1733 425 p.
1757 388 1846 416 1128.
1870 396 1899 418 et
1914 388 1951 418 ad

1106 431 1288 462 Anatolium
1308 443 1336 472 p.
1352 442 1424 473 925.
1441 432 1489 463 ed.
1507 434 1539 463 J.
1560 433 1636 464 Chr.
1651 434 1767 465 Wolfli.
1816 438 1880 468 Nec
1896 440 1952 468 mi-

1105 494 1163 513 nus
1187 484 1298 514 Gallus
1322 483 1351 513 in
1377 483 1521 525 Epistoll.
1544 484 1674 522 Juliani,
1692 485 1720 515 in
1745 486 1859 527 quibus
1883 488 1955 519 locis

1104 534 1194 564 etiam
1215 534 1278 565 fere
1295 536 1437 575 ἄνδρεσσι
1453 543 1623 577 usurpatur
1638 548 1694 578 pro
1711 541 1866 568 Δαναοῖσι.
1903 542 1953 570 (ff.

1105 585 1154 616 Jo.
1182 587 1286 617 Paean.
1309 586 1348 617 ad
1372 586 1493 617 Julian.
1517 588 1663 629 Epistoll.
1692 600 1721 630 p.
1737 590 1809 629 548.
1838 590 1887 620 ed.
1911 592 1952 621 Η.

1106 637 1246 679 Heyleri.
1275 638 1330 668 Cr.

1147 700 1177 730 p.
1194 690 1257 719 lxv.
1274 689 1296 719 ¹’.
1322 690 1576 727 Εὐβούλου-τοῦ
1592 693 1786 722 Πλατωνικοῦ
1801 693 1954 733 διαδόχου]

1106 746 1124 755 ‘¹
1139 740 1288 781 Διάδοχος
1303 740 1415 771 seholae
1430 742 1597 772 Platonicae
1612 743 1757 784 publicus
1772 744 1891 774 Doctor
1908 747 1954 774 A·

1105 791 1215 828 thenis,
1231 799 1326 833 atque
1349 792 1426 823 adeo
1444 793 1582 823 Platonis
1602 794 1779 825 cathedram
1798 804 1831 826 ut
1847 795 1889 826 ita
1905 796 1953 826 di-

1105 854 1170 873 cam
1189 843 1403 882 διαδεξάμενος.
1434 844 1518 875 Infra
1533 857 1558 875 c.
1572 846 1639 875 20.”
1663 846 1788 876 Fabric.
1830 846 1955 877 Ficinus

1104 894 1196 925 vertit
1211 899 1352 926 sectator.
1400 896 1473 937 Ego
1492 897 1620 926 correxi.
1668 897 1717 927 De
1733 909 1806 928 voce
1822 897 1956 939 διάδοχος

1105 957 1175 976 cum
1200 946 1239 976 (le
1262 946 1381 988 imperii
1405 947 1647 978 successionibus
1671 955 1737 978 tum
1758 948 1797 979 (le
1820 949 1955 991 philoso-

1105 997 1238 1040 phorum
1264 998 1374 1029 scholis
1389 998 1533 1041 usurpari
1549 998 1647 1037 solita,
1664 999 1729 1030 dixi
1752 999 1783 1030 in
1801 1000 1956 1030 Prooemio

1105 1049 1144 1080 ad
1159 1049 1260 1080 Procli
1279 1051 1400 1080 Comm.
1415 1050 1444 1080 in
1458 1050 1562 1081 Alcib.
1578 1062 1626 1093 pr.
1644 1051 1672 1091 ξ.
1683 1061 1713 1092 3.
1731 1062 1763 1093 p.
1775 1052 1871 1083 XVI.
1890 1060 1955 1082 not.

1110 1111 1135 1131 1.
1175 1101 1224 1131 De
1240 1101 1371 1132 Eubulo
1387 1101 1500 1132 addam
1524 1101 1641 1144 aliquid
1662 1102 1743 1133 infra
1763 1103 1803 1133 ad
1818 1114 1887 1145 cap.
1907 1113 1955 1135 20.

1107 1164 1137 1194 p.
1155 1153 1225 1183 128.
1259 1153 1312 1183 Cr.

1150 1215 1182 1245 p.
1200 1205 1262 1234 lxv.
1280 1210 1303 1235 0.
1331 1205 1365 1234 οὐ
1389 1204 1466 1234 πάνυ
1489 1205 1529 1245 τι]
1567 1205 1724 1236 Intactum
1752 1205 1863 1247 reliqui
1886 1217 1956 1236 eum

1108 1254 1252 1285 Fabricio
1274 1262 1304 1285 et
1322 1255 1577 1297 Wyttenbaehio.
1625 1255 1738 1286 Similis
1754 1256 1884 1287 varietas
1902 1257 1957 1287 ob-

199 1309 332 1340 Αἴαντος.
360 1307 412 1338 ubi
438 1307 541 1338 Schol.
561 1319 588 1348 p.
606 1310 680 1348 563.
703 1309 795 1346 ἤγουν
810 1308 954 1347 παρόντος
970 1309 1043 1338 ἐκεί-
1064 1310 1089 1336 D
1108 1306 1157 1336 via
1182 1306 1212 1336 in
1240 1306 1379 1336 Platonis
1405 1306 1523 1348 Lyside
1549 1318 1579 1348 p.
1601 1316 1670 1345 204.
1699 1319 1730 1349 p.
1753 1317 1819 1338 111.
1846 1307 1956 1345 Bekk„

201 1372 252 1390 νου
270 1360 347 1390 ὥστε
366 1360 497 1390 ἀκοῦσαι.
544 1359 688 1400 Denique
711 1359 897 1399 ἱεροφάντην.
945 1359 1046 1389 Adhi-

198 1410 267 1441 buit
288 1410 353 1441 haec
374 1412 417 1440 A.
438 1410 542 1440 Maius
562 1410 601 1440 ad
623 1411 688 1441 haec
706 1410 872 1452 Porphyrii
888 1411 990 1453 Epist.
1006 1411 1045 1441 ad

200 1461 380 1492 Marcellam
406 1462 500 1492 XVI.
524 1473 555 1504 p.
576 1471 628 1503 32.
657 1462 705 1493 ed.
730 1461 919 1493 Mediolan.:
958 1463 1047 1501 μόνος

199 1513 255 1552 γὰρ
272 1512 362 1551 ἱερεὺς
378 1514 393 1542 ὁ
410 1512 515 1552 σοφὸς,
532 1524 604 1554 quae
627 1512 725 1543 aliena
747 1524 812 1543 esse
832 1520 914 1543 recte
930 1513 1048 1543 notavit

198 1563 229 1594 J.
247 1564 342 1594 Conr.
361 1563 496 1594 Orellius
516 1563 546 1594 in
563 1563 726 1606 Opuseull.
744 1564 898 1594 Graecorr.
917 1566 1045 1595 Senten-

198 1614 282 1645 tiosis
298 1615 326 1646 I.
345 1626 374 1656 p.
388 1616 460 1645 618.
502 1615 610 1645 Potius
625 1615 824 1656 cogitandum
842 1615 872 1645 h.
887 1615 906 1645 l.
924 1615 962 1646 de
978 1627 1047 1658 par-

1108 1357 1173 1394 ubi,
1184 1357 1270 1399 quod
1289 1357 1437 1388 Schaefer.
1454 1358 1493 1388 ad
1510 1358 1643 1400 Gregor.
1661 1366 1808 1395 suaserat,
1827 1371 1858 1400 p.
1872 1361 1956 1401 938..

1108 1408 1157 1439 hic
1173 1420 1189 1439 e
1203 1408 1304 1439 Codd.
1318 1409 1468 1440 restituit:
1489 1409 1565 1440 πάνυ
1581 1422 1619 1440 τι.
1645 1410 1694 1441 Cf.
1709 1411 1831 1441 Platon.
1847 1411 1955 1442 Phaed.

1108 1472 1137 1503 p.
1154 1469 1204 1501 57.
1222 1472 1250 1491 a.
1297 1462 1355 1491 Est
1376 1468 1479 1491 autem
1497 1462 1624 1492 minime
1639 1463 1796 1504 gentium.
1835 1463 1885 1493 De
1902 1463 1958 1493 ho(-

1108 1511 1218 1542 Attico
1242 1524 1298 1542 usu
1316 1512 1378 1543 vid.
1398 1512 1535 1543 Fischer.
1553 1512 1591 1543 ad
1611 1513 1707 1543 Well.
1726 1514 1773 1543 II.
1791 1525 1824 1556 p.
1841 1524 1910 1555 133.
1929 1522 1958 1545 et

1108 1563 1227 1593 Weisk.
1247 1564 1453 1595 Ploonasmm.
1472 1564 1591 1595 Graecc.
1608 1575 1637 1606 p.
1653 1565 1723 1605 165.
1770 1566 1837 1596 Nec
1860 1566 1957 1608 magis

1108 1614 1223 1645 tentavi
1247 1615 1324 1645 illud
1350 1616 1596 1648 ἀποτελεστικοΐς.
1649 1616 1730 1646 Nam
1754 1616 1825 1647 licet
1848 1617 1905 1648 hac
1928 1617 1958 1647 in

198 1665 292 1704 tibus,
309 1678 387 1708 quas
404 1666 635 1708 Hierophantes
656 1667 685 1697 in
703 1666 872 1697 Eleusiniis
887 1667 980 1697 initiis
995 1679 1047 1709 ge·
1065 1673 1088 1700 Ε
1108 1677 1140 1696 re
1164 1667 1445 1705 ἀποτελεσματικοῖς
1469 1666 1611 1697 usitatius
1634 1666 1682 1705 sit,
1701 1676 1892 1711 usurpantur
1910 1669 1958 1700 hae

199 1717 283 1748 rebat
301 1717 385 1756 (Vid.
400 1717 538 1760 Symbol.
556 1725 650 1749 nostr.
670 1719 726 1748 IV.
743 1731 774 1761 p.
787 1719 860 1757 482.
873 1722 933 1760 sq.)
965 1720 1046 1749 Nam

197 1780 267 1799 cum
292 1768 321 1799 in
338 1769 506 1799 Eleusiniis
528 1770 603 1809 ἱερὸς
624 1770 714 1800 etiam
736 1770 829 1810 γάμος
846 1778 1044 1812 repraesenta-

198 1828 283 1851 retur
308 1832 364 1862 pcr
390 1820 550 1858 formulam,
578 1828 706 1852 tesseras
732 1828 790 1851 cet.
832 1821 917 1861 (Vid.
944 1822 1046 1852 locum

199 1871 300 1902 Procli
324 1883 418 1913 supra
441 1871 600 1903 laudatum
626 1872 656 1902 in
677 1872 904 1914 sequentibus.)
952 1873 1048 1903 Ploti-

199 1934 257 1953 nus
269 1922 325 1953 hoc
339 1923 462 1954 nomine
475 1924 678 1965 significatum
692 1924 825 1962 volebat,
838 1924 1046 1966 Porphyrium

200 1985 256 2004 suo
271 1974 322 2005 illo
338 1975 470 2006 carmine
487 1975 525 2006 de
544 1975 635 2005 sacris
652 1976 768 2017 nuptiis
784 1986 849 2006 eam
868 1975 1049 2006 reconditio-

201 2036 268 2055 rum
290 2037 442 2057 sacrorum
464 2034 493 2057 et
516 2027 679 2069 theologiae
703 2027 858 2058 scientiam
883 2027 939 2057 sibi
963 2039 1047 2058 com-
1068 2034 1090 2061 F
1109 2026 1245 2065 λέσματα
1261 2028 1393 2064 δηλοῦσα
1409 2027 1563 2065 ἐπιστήμη.

201 2077 355 2119 probasse,
379 2089 450 2119 quae
475 2078 505 2109 iu
533 2078 764 2109 Eleusiniorum
791 2078 927 2109 antistite
953 2078 1049 2109 inesse

202 2127 343 2158 debebat.
369 2130 424 2159 Cr.

245 2190 277 2220 p.
291 2178 354 2209 lxm
369 2178 393 2210 k.
415 2181 430 2209 ὁ
445 2180 537 2220 ῥήτωρ
551 2181 716 2222 Διοφάνης]
745 2181 884 2212 Aliunde
901 2193 960 2211 non
978 2194 1049 2222 cog-

203 2229 294 2260 nitus.
340 2230 557 2272 Antiquiorem
588 2232 784 2274 Diophanem
814 2232 965 2263 rhetorem
996 2233 1049 2263 Ci-

204 2292 274 2311 cero
301 2289 448 2311 memorat
470 2281 500 2312 in
525 2283 625 2313 Bruto
651 2295 678 2314 c.
699 2293 747 2324 27.
779 2285 810 2314 ἐν
833 2286 872 2325 τῷ
896 2285 1050 2325 συμποσίῳ

206 2335 256 2363 τοῦ
280 2332 440 2364 Πλάτωνος
463 2344 493 2374 p.
510 2341 580 2373 217.
598 2345 643 2376 sq.
670 2346 700 2375 p.
717 2337 792 2375 456.
814 2347 880 2376 sqq.
906 2335 1049 2365 Belzkeri.

206 2385 286 2414 Ron
310 2385 348 2424 τῷ
373 2385 558 2422 καθηγεμόνι.

207 2435 297 2476 κάλῳ.
329 2433 399 2464 Vid.
417 2435 583 2476 VVyttenb.
604 2435 643 2466 ad
665 2436 824 2468 Plutarch.
847 2438 896 2468 De
919 2438 1049 2469 discern.

207 2486 305 2516 amico
320 2485 359 2515 ab
375 2484 534 2515 adulatore
549 2497 579 2527 p.
595 2487 668 2527 528.
698 2488 751 2518 Cr.

250 2549 281 2579 p.
298 2537 359 2566 lxv.
371 2544 393 2567 ²¹.
418 2536 510 2575 βαλλ’
528 2537 788 2578 οὕτως-γένηαι.]
815 2543 835 2557 “
848 2539 895 2569 Ex
916 2539 1007 2570 Iliad.
1025 2543 1051 2571 θ.

209 2589 299 2620 282.''
328 2588 455 2618 Γαίῃ-ΞΓ.

266 2753 355 2777 voL.
376 2753 403 2776 Ι.

501 2587 565 2618 Ubi
589 2587 650 2617 vid.
671 2588 782 2618 Scholl.
799 2596 829 2619 et
851 2590 968 2632 Heynii
990 2591 1054 2621 Ob-

209 2651 308 2670 servv.
327 2640 363 2669 V.
389 2650 420 2679 p.
437 2639 509 2680 465.
558 2639 664 2669 Habet
688 2646 790 2669 autem
815 2639 875 2669 vim
900 2642 1054 2682 proverbii

211 2697 441 2732 usurpaturque
459 2690 489 2720 in
506 2689 786 2728 acclamationibus,
805 2690 855 2721 ubi
873 2691 1006 2733 aliquem
1024 2693 1053 2723 in

1108 1728 1197 1748 voees
1221 1725 1322 1748 tamen
1348 1718 1529 1759 promiscue.
1577 1718 1645 1749 Vid.
1675 1719 1780 1761 Steph.
1806 1720 1958 1751 Thesaur.

1108 1780 1137 1810 p.
1156 1778 1250 1808 9242.
1274 1769 1324 1800 ed.
1342 1769 1477 1800 Londin.
1504 1777 1535 1800 et
1557 1770 1595 1800 cf.
1617 1770 1670 1800 Jo.
1694 1771 1786 1802 Laur.
1814 1772 1896 1814 Lyd.
1921 1773 1960 1803 de

1110 1821 1229 1851 Menss.
1248 1821 1295 1851 II.
1314 1822 1341 1850 8.
1361 1832 1391 1862 p.
1409 1823 1460 1860 64.
1479 1821 1638 1852 Roetheri.
1678 1822 1777 1852 Addo
1792 1822 1960 1854 distinctio-

1109 1883 1178 1902 nem
1195 1872 1224 1902 in
1242 1872 1461 1914 Etymologico
1476 1872 1624 1903 Gudiano
1638 1873 1847 1915 consignatam
1867 1887 1897 1916 p.
1910 1885 1959 1916 37.

1109 1923 1190 1954 init.:
1215 1923 1416 1963 Ἀστρονόμος
1429 1923 1485 1962 μέν
1502 1925 1584 1955 ἐστιν
1599 1925 1616 1963 ἡ
1633 1924 1790 1958 κατάλυσις
1805 1929 1863 1956 τῶν
1875 1927 1960 1957 ἀστέ-

1109 1986 1178 2014 ρων·
1203 1975 1388 2014 ἀστρολόγος
1407 1976 1448 2010 δὲ,
1466 1976 1483 2014 ἡ
1503 1977 1539 2006 τὰ
1561 1977 1592 2006 ἐκ
1613 1979 1671 2006 τῶν
1691 1976 1835 2015 κινήσεων
1854 1979 1958 2009 ἀποτε-

1610 2028 1690 2057 Mox
1704 2040 1709 2058 :
1737 2027 1875 2069 ἐλέγχειν
1890 2034 1962 2060 πολ-

1109 2080 1206 2118 λαχοῦ
1229 2078 1274 2108 καὶ
1297 2081 1354 2108 τῶν
1376 2079 1408 2108 ἐν
1423 2081 1484 2110 τοῖς
1500 2078 1745 2118 συγγράμμασιντ
1772 2084 1793 2097 “
1808 2081 1854 2110 καὶ
1876 2081 1959 2111 abest

1109 2141 1128 2160 a
1147 2129 1227 2160 Cod.
1245 2130 1329 2159 Voss.
1811 2132 1960 2173 Wytlenb.

1112 2181 1183 2211 Non
1201 2180 1403 2211 necessarium
1421 2180 1574 2218 videatur,
1592 2181 1615 2211 si
1632 2181 1860 2221 συγγράμμασιν
1875 2183 1959 2214 intel-

1110 2232 1187 2272 ligas
1212 2231 1251 2262 de
1276 2231 1517 2272 Astrologorum
1542 2232 1671 2274 scriptis,
1695 2241 1725 2263 et
1750 2245 1820 2264 cum
1844 2235 1959 2276 aliquot

1377 2129 1554 2159 Delendum
1578 2129 1668 2160 etiam
1693 2130 1776 2161 τῶν.”

1113 2283 1212 2315 Codd.
1230 2283 1330 2324 legas:
1357 2285 1458 2314 πολλὰ
1474 2287 1540 2314 τῶν.
1589 2284 1642 2314 Ad
1660 2285 1828 2316 orationem
1849 2293 1878 2317 et
1894 2298 1959 2316 sen-

1112 2335 1237 2366 tentiam
1256 2335 1352 2377 hujus
1368 2335 1425 2365 loci
1446 2335 1578 2377 pertinet
1594 2336 1814 2367 Artemidorus
1831 2337 1958 2367 Oneiro-

606 2386 785 2416 Honorifice
808 2398 864 2428 pro
887 2389 925 2428 τῷ
949 2389 1048 2417 διδασ-
1070 2391 1095 2417 G
1112 2386 1178 2417 crit.
1198 2387 1245 2417 II.
1264 2388 1313 2426 69.
1338 2398 1367 2428 p.
1387 2396 1456 2427 250.
1476 2387 1585 2417 Remi:
1618 2388 1810 2419 ὑπολείπεται
1833 2390 1864 2418 δὲ
1886 2390 1961 2427 μόνα

1114 2439 1207 2476 ἀληθῆ
1225 2438 1299 2468 εἶναι
1314 2439 1350 2468 τὰ
1365 2438 1421 2468 ὑπὸ
1437 2439 1531 2468 θύτων
1546 2439 1705 2477 λεγόμενα,
1724 2439 1770 2469 καὶ
1790 2441 1958 2473 οἰωνιστῶν,

1115 2490 1161 2519 καὶ
1185 2490 1408 2528 ἀστροσκόπων,
1434 2490 1479 2520 καὶ
1502 2491 1704 2529 ὀνειροκριτῶν
1728 2490 1774 2520 καὶ
1797 2491 1961 2528 ἡπατοσκό-

1114 2553 1186 2571 πων.
1227 2542 1302 2580 Περὶ
1323 2542 1354 2571 δὲ
1369 2543 1576 2579 μαθηματικῶν
1592 2544 1648 2571 τῶν
1664 2543 1884 2580 γενεσιολόγων
1900 2542 1959 2571 ἐπι-

1115 2593 1304 2631 σκεψώμεθα.
1354 2594 1422 2623 Hos
1432 2593 1584 2633 fitiorum
1605 2604 1663 2634 per
1677 2593 1846 2633 genituras
1871 2592 1963 2621 {titfr-

1111 2648 1215 2685 prelrs
1229 2643 1302 2674 (licit
1314 2643 1500 2673 Ammianus
1512 2642 1683 2673 Marcellin.
1698 2643 1837 2672 XXIX.
1853 2644 1960 2682 p.384.

1116 2694 1153 2723 cf.
1176 2694 1268 2723 ltc'ilt'.
1296 2706 1324 2734 p.
1342 2704 1415 2734 405.

1174 2758 1196 2789 Ι)

1457 2693 1587 2724 Basilius
1614 2694 1725 2733 Magn.
1751 2693 1779 2722 in
1808 2693 1959 2723 IIexa'em.
