2201 2990
534 147 597 186 IN
629 146 734 185 LIB.
758 145 835 184 ΙΙΙ.
867 144 1120 183 ΕΝΝΕΑΙ).
1150 144 1443 182 SECUNDAE.

166 248 246 279 illinc
266 247 378 290 peragi,
402 245 492 282 unde,
508 243 653 285 quicquid
676 242 788 283 agitur,
807 252 860 282 per
882 252 987 282 corpo-

167 303 232 322 reas
242 291 342 332 agitur
356 287 525 330 qualitateS,
538 285 720 325 duciturque
733 291 835 314 tenore
850 290 967 313 naturae
979 295 984 312 :

168 345 227 364 non
242 333 372 373 denique
390 330 551 371 quicquam
575 339 606 357 re
622 338 692 357 vera
711 326 823 356 malum
844 336 897 366 per
912 325 988 355 divi-

168 386 274 406 norum
285 375 482 404 instrumenta
492 369 648 401 committi.
672 368 797 399 Faciant
812 379 885 409 ergo
896 367 990 398 stellae

167 430 226 449 non
250 416 359 452 omnia,
382 414 433 444 sed
462 413 569 448 solum,
593 423 663 453 quoe
685 410 831 441 mundani
856 410 989 452 corporis

167 468 236 491 sunt
252 458 401 501 passiones
415 464 444 487 et
459 463 569 491 motus,
581 463 609 484 et
625 465 695 495 quae
710 465 747 484 ex
763 453 809 483 his
824 453 989 483 necessario

165 508 356 544 generantur.
391 499 516 529 Faciant
530 506 630 528 antem
648 497 711 527 haec
726 496 896 527 conditione
910 507 990 526 com-

168 544 271 575 muni:
296 541 427 573 conditio
452 552 582 582 namque
605 539 727 581 propria
753 539 790 569 ad
818 550 922 569 causas
946 551 990 569 re-

168 598 235 617 rum
251 585 386 627 proprias
402 584 550 626 pertinere
568 583 687 613 videtur
701 595 706 612 :
733 581 899 623 significent
915 593 991 623 quo-

168 641 227 671 que
242 628 347 664 multa,
363 638 461 668 neque
475 635 573 657 tamen
590 625 702 667 pariter
716 624 826 654 onmia.
874 625 989 655 Proba-

167 671 226 703 bile
248 671 325 701 enim
348 677 402 706 est,
427 670 450 700 si
473 669 603 711 plurima
626 667 779 698 stellarum
802 667 988 698 efficientiam

169 721 321 756 superant,
339 712 383 743 vel
403 712 562 752 effugiunt,
580 710 724 741 nonnulla
742 710 815 751 quin
839 710 928 741 etiam
945 722 991 741 ea-

168 768 234 788 rum
252 755 477 797 significantiam
502 765 653 796 superare.
699 753 860 784 Probabile
876 765 990 790 rursus,

169 807 198 830 et
213 811 282 841 quae
299 810 351 840 per
366 809 539 828 communes
551 808 655 827 causas
667 796 902 838 portenduntur,
914 808 989 827 com-

169 842 253 873 muni
269 848 386 871 tantum
402 840 572 871 conditione
588 839 744 881 portendi:
771 839 908 869 Animam
923 851 994 869 vero

169 885 207 915 ad
230 895 339 926 corpus
358 884 415 914 boc
435 883 575 913 accedere
598 882 737 912 l‘lotinus
756 882 917 917 existimat,
935 894 993 912 non

169 936 250 958 certa
265 926 395 968 quadam
412 926 543 956 siderum
561 925 774 956 constitutione
789 933 920 955 coactam
934 937 939 955 :
959 925 995 955 si-

169 970 292 1011 quidem
315 977 384 999 ante
406 969 572 1010 quamlibet
595 979 703 998 novam
726 967 789 998 01011
813 968 940 1009 figuram
965 968 994 998 in

169 1013 294 1054 antiqua
308 1012 401 1054 ipsius
416 1012 523 1042 anima²
540 1019 647 1042 natura
662 1018 706 1041 est
727 1011 860 1041 animare
875 1022 995 1053 corpus,

170 1063 214 1086 est
240 1062 269 1085 et
299 1054 475 1096 supergredi
502 1065 678 1096 corporeum
703 1053 928 1095 temporaleque
954 1054 996 1084 fa-

172 1106 248 1129 tum.
294 1097 400 1128 Omnis
418 1097 496 1128 enim
520 1097 629 1133 anima,
646 1108 715 1138 quae
737 1096 859 1127 rationis
875 1097 929 1127 sibi
946 1108 996 1127 na-

171 1140 276 1171 turalis
299 1140 395 1171 officio
421 1147 520 1182 potest
545 1147 637 1170 totam
662 1148 800 1170 naturam
822 1151 995 1181 corpoream

172 1183 202 1214 in
225 1183 381 1213 essentiam
409 1183 625 1224 incorpoream,
642 1190 801 1224 totumque
824 1190 944 1224 tempus.
967 1183 996 1213 in

173 1226 370 1257 zeternitatem
388 1226 534 1256 resolvere
549 1233 692 1267 tanquam
711 1225 740 1255 in
756 1225 937 1267 principium
955 1234 998 1256 at-

172 1281 233 1311 que
258 1270 368 1299 finem:
393 1268 534 1298 nimirum
555 1276 584 1298 et.
606 1276 676 1298 aute
698 1276 727 1298 et
751 1277 817 1310 post
840 1268 997 1309 quodlibet

171 1323 280 1353 corpus
300 1320 329 1342 et
352 1319 472 1352 tempus
493 1323 728 1352 corporeamque
751 1319 779 1341 01
803 1311 997 1352 temporalem

173 1354 339 1396 quamlibet
355 1354 515 1384 motionem
532 1354 658 1384 existere
674 1361 780 1395 potest.
820 1355 888 1383 Non
906 1354 999 1396 igitur

174 1397 282 1439 positio
298 1397 428 1427 siderum
446 1397 575 1427 animam
599 1396 725 1437 impellit
740 1397 777 1427 ad
794 1408 921 1438 corpus:
947 1397 997 1427 sed

173 1440 303 1481 primum
321 1439 444 1481 quidem
468 1440 506 1470 ad
527 1440 582 1469 boc
606 1439 730 1469 adducit
752 1439 896 1470 naturalis
916 1452 998 1481 qua}-

173 1482 242 1512 ‹lam
259 1482 296 1513 ad
322 1482 376 1512 1100
399 1483 507 1513 animae
529 1494 616 1512 cura:
641 1482 750 1512 deinde
773 1482 890 1512 affectio
912 1495 995 1524 quae-

174 1525 243 1555 dam
274 1536 309 1554 ex
347 1525 594 1555 antecedentibus
630 1525 797 1555 actionibus
830 1525 996 1566 acquisita:

174 1575 326 1609 postremo
342 1568 463 1598 rationis
485 1568 590 1598 electio
607 1579 676 1598 cnm
701 1575 809 1598 natura
824 1568 944 1598 tandem
969 1575 998 1598 et

174 1610 329 1640 affectione
341 1610 536 1641 consentiens.
574 1611 691 1641 Natura
705 1611 827 1652 quidem
841 1618 870 1641 et
882 1611 1000 1642 affectio

174 1661 246 1684 tunc
262 1653 450 1694 potissimum
467 1653 563 1694 vergit
578 1654 616 1683 ad
633 1665 752 1695 corpus,
769 1665 836 1683 cum
854 1662 1000 1695 opportu-

174 1696 242 1726 nius
264 1704 406 1726 consonat
428 1697 575 1726 universae
597 1704 724 1733 naturae,
740 1708 838 1738 neque
854 1704 952 1727 tamen
970 1697 998 1727 vi

176 1739 293 1779 cogitur
309 1750 490 1769 consonare:
516 1739 591 1769 sicut
612 1746 642 1769 et
662 1739 803 1770 saltantes
818 1740 847 1769 in
865 1740 999 1781 tripudio

176 1792 243 1811 cum
266 1789 355 1812 cantu
378 1790 542 1812 consonant
564 1790 656 1823 atque
679 1794 761 1819 sono,
778 1794 876 1824 neque
900 1790 999 1813 tamen

177 1824 349 1854 necessitate
373 1833 453 1861 sunt,
470 1824 521 1855 sed
538 1825 703 1862 voluntate,
727 1825 897 1855 concordes.
938 1827 1000 1856 Ta-

178 1867 234 1896 lem
251 1878 322 1896 vero
343 1867 444 1908 potius
463 1875 515 1898 aut
531 1867 619 1898 talem
637 1868 706 1898 vitae
721 1868 847 1898 formam
865 1869 999 1910 accipere

178 1909 207 1938 in
224 1909 286 1949 ipsa
301 1909 407 1940 animae
427 1909 569 1940 electione
589 1911 742 1941 consistit:
768 1911 819 1941 sed
843 1919 999 1953 utcunque

178 1951 207 1981 id
226 1952 277 1981 fiat
298 1952 395 1993 passio
409 1952 456 1982 vel
478 1953 602 1983 affectus
621 1953 736 1994 ingens,
753 1966 815 1995 quo
837 1954 937 1985 anima
956 1955 999 1984 111-

178 1993 308 2025 clinatur
322 1994 359 2025 ad
375 2006 494 2036 corpus,
510 2007 569 2026 non
586 2008 602 2026 a
617 1996 764 2026 sideribus
786 1997 929 2035 irritatur,
947 1998 997 2028 sed

178 2036 334 2067 exorditur
356 2037 394 2067 ab
414 2037 520 2068 anima.
566 2040 634 2075 Quo
649 2051 719 2069 vero
735 2048 870 2082 tempore
886 2052 997 2071 novum

179 2090 289 2121 corpus
312 2079 489 2119 ingreditur,
504 2092 540 2110 ex
556 2089 702 2122 praesente
717 2082 847 2113 siderum
865 2083 1000 2125 positura

179 2122 332 2152 fortunam
353 2122 429 2152 lianc
449 2130 501 2153 aut
525 2123 604 2154 illam
626 2125 722 2155 sortiri
745 2133 882 2167 putatur,
898 2126 1000 2157 eleetae

176 2165 240 2205 jam
257 2164 337 2201 vitae,
355 2173 509 2206 uteunque
531 2174 638 2207 potest,
654 2167 739 2198 aliter
761 2175 791 2198 01
809 2169 895 2199 aliter
917 2181 999 2200 acce-

180 2207 314 2237 dentem.
359 2208 450 2237 Tunc
465 2219 537 2248 ergo
553 2221 681 2250 praesens
696 2210 827 2241 siderum
847 2211 1002 2242 harmonia

180 2250 209 2279 in
234 2250 318 2279 nobis
340 2250 428 2280 efficit
453 2250 576 2292 aliquid,
601 2264 655 2283 suo
676 2253 813 2284 videlicet
839 2255 1002 2285 ministerio

180 2293 336 2322 conserens
358 2292 395 2322 ad
416 2304 480 2323 eam
497 2293 567 2324 vitae
589 2301 696 2326 sortem
720 2296 914 2338 implendam,
931 2310 1000 2339 quse

182 2335 311 2365 maxime
333 2335 472 2374 congruit
499 2336 644 2367 universo.
691 2339 838 2376 Quaelibet
865 2340 943 2369 enim
970 2340 1001 2370 in

182 2377 245 2408 dics
261 2378 461 2418 configuratio
476 2378 539 2408 01011
561 2391 630 2420 pars
652 2388 695 2411 est
716 2381 880 2412 liarmoniae
896 2383 1000 2417 totius,

181 2428 211 2450 et
231 2428 263 2450 ut
284 2432 353 2462 pars
367 2421 552 2451 obsecundat
569 2423 697 2453 universi
715 2431 840 2460 naturm,
857 2436 924 2454 cum
941 2437 1003 2466 qua

181 2463 268 2493 simul
294 2463 432 2505 congruit
457 2475 648 2506 unaquaeque
671 2473 788 2503 natura,
811 2475 840 2496 et
862 2478 1004 2509 corporea

181 2505 269 2536 simul
285 2514 315 2536 01
330 2505 474 2536 animalis.
518 2509 616 2544 Quam
633 2507 672 2537 ob
688 2519 750 2538 rem
765 2509 804 2539 ab
819 2509 883 2550 ipsa
898 2510 1003 2540 mundi

182 2556 290 2579 natura
306 2549 392 2579 simul
412 2560 480 2579 cum
501 2550 622 2591 propria
644 2550 881 2593 uniuscujusque
896 2558 1005 2583 natura

183 2602 228 2621 res
247 2591 374 2632 singulae
394 2600 599 2633 peraguntur:
624 2605 641 2622 a
662 2600 746 2623 motu
761 2605 832 2624 vero
855 2601 885 2624 et
906 2595 1005 2636 figura

183 2633 344 2664 caelesmun
360 2635 446 2665 aliter
459 2643 488 2665 et
504 2635 590 2665 aliter
602 2636 827 2676 quodammodo
841 2636 1004 2678 disponun-

185 2683 234 2705 tur
249 2684 340 2718 atquc
354 2689 391 2707 ex
407 2678 537 2719 quadam
555 2678 592 2708 ad
610 2686 747 2709 naturam
766 2679 923 2710 concordia
938 2692 1006 2722 por-

1784 158 1852 194 25¹

1030 239 1209 270 tenduntur.
1255 238 1405 275 Quoniam
1422 249 1494 268 vero
1508 238 1546 268 ad
1563 239 1700 279 quemvis
1720 240 1858 271 effectum

1030 290 1148 312 naturae
1171 292 1302 323 propriae
1324 292 1384 310 una
1402 291 1470 310 cum
1496 291 1636 310 universa
1658 288 1767 311 natura
1789 294 1858 313 con-

1030 332 1169 359 currunt,
1187 323 1298 353 idcirco
1320 322 1358 352 de
1382 330 1509 352 eventus
1530 323 1713 364 proprietate
1734 324 1860 355 obscure

1033 366 1198 397 admodum
1214 377 1268 407 per
1284 365 1393 395 indicia
1404 365 1571 407 judicatur.

1035 480 1099 509 Quoe
1115 478 1156 504 hir
1170 478 1242 504 mala
1257 478 1422 512 contingunt,
1438 486 1490 504 non
1511 478 1653 503 multantur
1668 487 1679 503 ι
1696 477 1758 503 caclo
1774 479 1854 504 mala.

1077 542 1141 571 XI.
1166 542 1269 582 Caput
1294 540 1488 571 undecimum
1512 540 1689 581 dignitatem
1713 539 1777 570 caeli
1801 548 1865 570 tue-

1034 592 1084 614 tur
1099 584 1128 613 in
1149 584 1300 620 omnibus,
1317 595 1387 625 quae
1403 583 1472 613 inde
1488 583 1551 613 ficri
1570 582 1613 612 vel
1637 583 1797 623 significari
1821 583 1865 612 di-

1033 634 1155 663 cuntur,
1168 638 1204 657 ex
1221 627 1370 667 eo,quod,
1387 638 1457 668 quae
1474 626 1521 656 hic
1537 625 1606 655 inde
1621 626 1708 663 fiunt,
1726 637 1779 655 nee
1795 625 1866 656 talia

1034 670 1075 700 ibi
1092 677 1172 706 sunt,
1190 681 1243 699 nec
1260 669 1327 699 talia
1350 669 1379 699 in
1399 681 1429 699 se
1447 669 1583 705 veniunt,
1600 668 1702 709 qualia
1723 668 1769 698 1110
1791 669 1864 698 sub-

1036 713 1105 742 inde
1127 712 1286 742 resultant.
1332 713 1440 753 Ignem
1464 712 1545 742 hunc
1569 719 1704 741 nostrum
1729 711 1810 741 dices
1829 711 1866 741 ab

1036 756 1105 797 igne
1135 755 1243 785 eaelesti
1273 752 1500 796 quodammodo
1526 754 1685 796 procreari.
1732 754 1793 784 Hic
1824 762 1867 784 ta-

1037 810 1104 828 men
1122 798 1161 829 ab
1181 798 1232 828 illo
1252 798 1328 828 adeo
1348 798 1485 828 diversus
1505 805 1559 835 est,
1577 805 1609 827 ut
1635 797 1706 827 nihil
1731 809 1867 838 perseve-

1037 841 1154 871 rantius
1183 841 1249 871 illo:
1276 841 1349 871 1111111
1378 840 1504 871 vicissim
1531 841 1587 870 1100
1612 840 1791 875 instabilius,
1815 840 1866 881 qui

1038 884 1087 914 vix
1120 892 1306 914 momentum
1335 884 1398 914 sine
1431 883 1528 914 alieno
1560 883 1674 925 pabulo
1702 891 1866 925 permanet.

1040 927 1123 957 Nihil
1151 927 1302 957 salubrius
1326 927 1387 965 illo,
1411 926 1484 957 nihil
1508 926 1699 969 pestilentius
1724 926 1791 963 isto,
1816 927 1868 967 qui

1039 970 1140 1000 omnia
1168 969 1360 1011 rapacissimo
1390 969 1523 1000 devorat.
1571 969 1677 1007 Mitto,
1708 969 1791 1011 quod
1822 969 1870 999 ille

1040 1013 1101 1043 fere
1124 1020 1206 1043 totus
1228 1020 1273 1043 est
1296 1012 1417 1042 lumen:
1444 1012 1491 1042 1110
1509 1013 1571 1042 fere
1590 1019 1672 1043 totus
1692 1019 1736 1042 est
1756 1012 1868 1042 fumus.

1040 1056 1182 1086 Profecto
1208 1064 1356 1097 quantum
1381 1055 1418 1085 ad
1442 1055 1519 1096 ignis
1541 1055 1772 1097 appellationem
1798 1066 1868 1096 per-

1040 1099 1124 1135 tinet,
1139 1099 1250 1140 poteris
1259 1098 1384 1128 forsitan
1400 1098 1576 1139 intelligere.
1588 1098 1734 1139 quicquid
1748 1109 1785 1128 ex
1801 1099 1870 1139 igue

1039 1141 1147 1172 ezelesti
1164 1141 1266 1178 datur,
1279 1153 1342 1171 esse
1358 1141 1387 1171 111
1405 1153 1434 1171 se
1449 1141 1565 1182 aliquid
1579 1141 1713 1183 igneum,
1724 1141 1775 1171 scd
1787 1141 1870 1182 apud

1042 1196 1095 1213 nos
1110 1184 1296 1223 degenerans
1319 1184 1395 1214 exile
1418 1184 1574 1214 resultare.
1620 1185 1711 1214 Potes
1733 1191 1762 1214 et
1785 1183 1871 1214 aliter

1043 1227 1153 1257 Plotini
1171 1227 1263 1257 verba
1286 1234 1456 1259 contexere,
1475 1234 1506 1256 ut
1535 1227 1623 1267 ignea
1642 1226 1721 1256 intra
1744 1238 1798 1256 nos
1821 1238 1871 1256 na-

1042 1276 1111 1300 tura
1128 1270 1314 1311 degenerans
1330 1281 1346 1299 a
1362 1269 1471 1299 caelesti
1493 1269 1580 1299 simul
1601 1280 1669 1299 eum
1694 1269 1749 1299 bae
1771 1277 1872 1299 nostra

1041 1312 1197 1343 affectione
1212 1312 1251 1342 ad
1267 1311 1467 1353 diligendum,
1480 1312 1568 1342 etiam
1585 1323 1603 1342 a
1618 1311 1726 1342 caelesti
1744 1312 1873 1342 benevo-

1042 1355 1140 1385 lcntiae
1156 1355 1271 1385 ratione
1286 1354 1376 1396 longe
1391 1355 1558 1390 deficiente,
1580 1354 1651 1385 citet
1672 1366 1751 1396 szrpe
1772 1355 1870 1385 libidi-

1041 1409 1108 1428 nem
1126 1398 1225 1428 minus
1245 1397 1412 1434 honestam,
1428 1405 1456 1428 et
1481 1398 1537 1428 hoc
1557 1405 1705 1439 quantum
1723 1398 1761 1428 ad
1784 1406 1871 1428 natu-

1040 1452 1103 1471 ram
1120 1448 1234 1482 spectat
1251 1440 1491 1482 concupiscendi.
1533 1442 1610 1471 Mox
1626 1440 1751 1471 adducit
1767 1453 1871 1472 exem-

1041 1483 1125 1525 plum
1137 1484 1175 1514 ad
1188 1492 1327 1514 naturam
1341 1483 1506 1514 iracundia*
1519 1483 1690 1525 pertinens:
1708 1484 1817 1514 deinde
1833 1485 1872 1515 ad

1042 1526 1187 1556 rationem
1201 1527 1229 1556 in
1242 1526 1358 1557 actione
1368 1527 1511 1569 positam:
1530 1527 1661 1568 denique
1674 1527 1711 1556 ad
1727 1527 1871 1557 rationem

1042 1569 1270 1611 quodammodo
1297 1569 1565 1611 contenmlantem,
1591 1576 1623 1600 ut
1647 1570 1786 1600 ostendat
1808 1570 1873 1600 ubi-

1043 1624 1103 1654 que
1118 1612 1205 1643 aliter
1220 1612 1248 1643 in
1266 1613 1352 1642 nobis
1372 1613 1477 1655 accipi,
1495 1612 1577 1654 quod
1601 1624 1618 1642 a
1638 1612 1711 1642 calo
1727 1612 1812 1643 aliter
1828 1621 1872 1644 est

1043 1655 1204 1686 tributum.
1251 1655 1300 1685 Sic
1323 1657 1425 1686 Venus
1448 1655 1642 1686 necessariam
1661 1655 1705 1685 vel
1730 1656 1873 1698 suppedi-

1044 1706 1119 1736 tans,
1144 1698 1190 1728 vel
1220 1709 1335 1740 augens
1364 1698 1539 1729 charitatem
1571 1698 1681 1740 sapius
1707 1698 1873 1737 incusatur,

1043 1741 1128 1783 quasi
1152 1741 1327 1771 libidinosos
1353 1741 1494 1779 effecerit,
1517 1753 1586 1771 cum
1609 1749 1706 1771 tamen
1732 1753 1785 1783 pcr
1807 1754 1871 1772 eam

1043 1784 1145 1814 oblata
1160 1784 1289 1815 charitas
1304 1784 1333 1814 111
1351 1784 1505 1815 libidinem
1524 1784 1607 1825 apud
1625 1796 1678 1814 nos
1694 1784 1803 1815 evadat
1818 1785 1873 1815 las-

1043 1827 1194 1857 civim-em.
1243 1827 1292 1857 Sic
1314 1828 1412 1863 Mars,
1435 1827 1518 1869 quod
1539 1828 1585 1857 vel
1609 1827 1774 1857 indomitus
1796 1828 1874 1858 fero-

1042 1870 1136 1900 ciores
1151 1870 1293 1906 effecerit,
1309 1870 1355 1900 vel
1380 1870 1603 1900 mansuefactus
1622 1870 1787 1900 timidiores
1801 1884 1806 1900 :
1833 1871 1873 1901 ita

1044 1913 1093 1943 Sol
1120 1921 1150 1943 et
1179 1913 1303 1954 Jupiter
1332 1913 1414 1955 quod
1446 1913 1619 1943 ambitiosos
1642 1922 1671 1944 et
1698 1924 1807 1943 vanos:
1833 1914 1875 1944 ita

1044 1956 1228 1993 Μο101111113,
1251 1956 1333 1997 quod
1362 1963 1478 1986 astutos
1500 1956 1626 1986 nimium
1651 1963 1743 1997 atque
1770 1956 1875 1987 seduc-

1044 2007 1141 2029 tores:
1167 1999 1208 2029 ita
1240 2000 1401 2036 Saturnus,
1425 1999 1508 2040 quod
1536 1999 1752 2040 segregatiores
1781 2007 1874 2041 atque

1044 2042 1208 2072 tardiores:
1231 2053 1300 2071 cum
1317 2050 1415 2072 tamen
1433 2049 1462 2072 ct
1479 2043 1566 2072 Mars
1582 2042 1872 2083 magnanimitatem,

1044 2092 1074 2115 et
1089 2084 1215 2126 Jupiter
1230 2092 1322 2126 atque
1340 2084 1388 2115 Sol
1407 2085 1541 2115 studium
1560 2085 1733 2120 honestatis,
1750 2086 1874 2116 Mercu-

1044 2128 1107 2158 rius
1136 2128 1326 2165 industriam,
1351 2129 1501 2158 Saturnus
1530 2127 1814 2170 contemplationem
1846 2137 1876 2159 et

1043 2171 1222 2213 gravitatem
1246 2178 1389 2212 przestare
1412 2170 1580 2201 volueriut:
1606 2182 1659 2201 nos
1685 2178 1785 2201 autem
1811 2171 1875 2202 haee

1045 2213 1091 2244 vel
1108 2220 1228 2251 natura,
1245 2213 1290 2243 vel
1307 2213 1525 2244 consuetudine
1545 2213 1711 2255 depravata
1730 2215 1875 2244 contami-

1046 2257 1226 2287 naverimus.
1274 2257 1360 2287 Inter
1376 2257 1440 2287 lucc
1455 2264 1555 2287 autem
1572 2256 1663 2286 animi
1680 2257 1766 2287 dotes
1782 2268 1840 2287 non
1858 2269 1875 2287 a

1042 2300 1176 2330 motibus
1194 2299 1241 2329 vel
1266 2299 1444 2341 corporibus
1466 2299 1668 2341 planetarum,
1690 2299 1741 2330 sed
1765 2300 1804 2330 ab
1827 2313 1874 2330 eo-

1043 2354 1111 2372 rum
1135 2342 1242 2373 animis
1264 2342 1310 2372 vel
1333 2342 1408 2379 (lari,
1426 2342 1470 2372 vel
1494 2342 1610 2383 augeri,
1628 2343 1673 2372 vel
1697 2343 1790 2372 foveri
1815 2354 1875 2373 mc-

1044 2392 1154 2415 mento.
1201 2385 1287 2415 Mala
1311 2397 1382 2415 vero
1410 2397 1508 2426 neque
1534 2386 1572 2415 ab
1595 2385 1712 2421 animis,
1738 2397 1835 2427 neque
1858 2398 1875 2416 a

1045 2428 1222 2469 corporibus
1237 2428 1400 2459 caelestium
1418 2428 1504 2458 nobis
1519 2428 1632 2458 inferri.
1681 2429 1774 2459 Nefas
1795 2429 1873 2459 enim

1046 2470 1129 2501 (lictu
1146 2479 1200 2509 est,
1220 2471 1320 2501 stellas
1336 2471 1412 2501 ullas
1433 2471 1529 2512 reguli
1550 2471 1696 2513 serpentis
1718 2483 1800 2501 more
1824 2483 1875 2501 nu-

1047 2513 1093 2543 bis
1114 2521 1239 2555 aspectu
1263 2525 1388 2544 nocere:
1415 2514 1498 2556 pium
1517 2526 1598 2552 vero,
1622 2514 1753 2552 credere,
1776 2514 1875 2544 stellas

1047 2556 1224 2587 naturaliter
1238 2568 1342 2587 omnes
1357 2557 1468 2587 struthi
1486 2568 1567 2587 more
1587 2557 1739 2587 radiorum
1762 2557 1873 2586 intuitu

1047 2606 1155 2629 cuneta
1170 2599 1282 2636 fovere,
1304 2599 1430 2641 perinde
1450 2607 1542 2641 atque
1564 2599 1592 2629 in
1609 2600 1730 2630 animali
1751 2600 1874 2640 11151110-

1049 2640 1108 2671 tius
1131 2642 1399 2683 membrorumque
1421 2642 1633 2684 principalium
1657 2642 1717 2672 vita
1741 2641 1876 2671 membra

1049 2683 1149 2714 omnia
1164 2684 1245 2715 fovet
1267 2692 1296 2715 et
1314 2685 1449 2726 adjuvat.
1497 2685 1545 2715 Sic
1563 2684 1630 2714 solis
1647 2684 1746 2714 lumcn
1770 2690 1875 2724 suapte
