2201 2990
232 157 302 190 cviii
766 156 1142 188 ANNOTATIONES
1167 157 1218 188 IN
1243 157 1442 189 PLOTINI

237 244 287 273 De
303 243 507 273 Monumento
521 241 652 285 quodam
671 241 824 273 Cornelioe
839 242 1002 274 Salonine?
1016 243 1082 274 Aa-
1097 244 1124 271 A
1141 243 1232 284 gerit,
1248 254 1310 273 non
1327 242 1417 273 simul
1432 242 1602 274 admiretur
1618 242 1814 285 prudentiam
1838 250 1987 274 matronae

232 299 340 337 gastae
367 293 521 336 quondam
549 293 697 330 dedicato,
724 293 756 324 in
782 293 849 335 ejus
876 293 1082 324 Miscellaneis
1141 293 1208 335 ejus
1223 294 1477 336 modestiamque,
1495 301 1529 325 ut
1545 306 1616 336 quae
1637 306 1726 325 suum
1743 294 1897 337 judicium
1923 306 1987 325 ma-

237 344 386 387 politioris
403 344 628 376 Humanitatis.
653 343 796 375 Norimb.
816 352 906 384 1721.
923 356 954 386 p.
968 353 1081 383 1—27.
1142 343 1192 375 riti
1207 344 1334 376 arbitrio
1349 345 1555 383 submitteret,
1572 353 1602 376 et
1617 346 1729 376 amoris
1752 345 1898 376 maritalis
1920 345 1988 388 ple-

237 396 340 427 Duxit
361 402 464 427 autem
488 406 553 426 eam
579 406 719 432 uxorem,
736 401 842 426 contra
863 402 957 437 atque
981 394 1082 426 Pollio
1142 405 1213 425 nam
1237 394 1496 427 sollicitudinem?
1535 397 1677 427 Eandem
1698 397 1891 428 concordiam
1913 408 1985 427 con-

236 447 340 485 refert,
357 447 463 478 multis
483 446 570 477 annis
588 453 755 488 antequam
774 446 949 488 Imperator
964 457 1079 476 creare·
1137 445 1252 487 jugum
1278 446 1398 477 elucere
1424 447 1564 478 videmus
1589 448 1620 478 in
1645 449 1801 479 communi
1827 448 1930 479 studio
1955 448 1986 478 in

237 506 288 529 tur
304 498 476 535 Gallienus,
493 505 609 528 etcum
631 508 751 539 semper
766 504 905 527 amanter
919 496 1080 527 concordi·
1144 496 1313 528 Plotinum.
1359 500 1409 529 Ac
1438 499 1522 540 quod
1553 507 1688 541 quatuor
1716 499 1882 531 liberorum
1912 499 1986 530 felix

236 557 345 591 terque
366 549 516 586 viverent,
538 560 575 579 ex
600 559 636 578 ea
659 555 794 589 quatuor
818 547 929 577 liberos
949 547 1081 589 suscepit
1143 554 1241 578 mater
1255 556 1319 579 erat
1337 549 1492 588 Salonina,
1509 550 1567 581 hoc
1582 550 1725 581 dubitare
1742 562 1796 581 nos
1820 562 1879 581 non
1904 550 1985 588 sinit,

238 600 368 640 (Victor.
387 600 526 642 Epitom.
543 611 568 629 c.
581 609 634 640 33.
667 599 804 629 Zonaras
822 599 908 628 XII.
928 607 975 638 25.
1006 599 1081 628 Bre-
1098 603 1122 630 B
1143 600 1274 630 eundem
1291 600 1509 643 philosophum
1526 602 1565 632 ab
1580 614 1615 632 ea
1631 602 1720 632 etiam
1735 601 1910 632 consultum
1923 612 1988 632 esse

235 651 356 694 quigny
372 663 402 693 p.
419 659 489 690 277.
521 661 579 680 van
598 650 739 691 Lennep.
764 660 796 691 p.
813 651 898 690 119.)
946 649 995 679 De
1018 649 1082 679 vita
1143 649 1182 680 de
1204 650 1372 681 educandis
1395 651 1653 695 instituendisque
1676 653 1745 684 filiis
1766 653 1873 696 ipsiuS.
1920 653 1987 684 Nec

234 703 301 745 ejus
325 702 524 743 moribusque
548 700 748 743 pronuntiare
775 711 836 730 non
863 711 957 730 ausus
981 700 1019 730 C.
1038 701 1080 731 G.
1141 700 1312 732 absurdum
1339 710 1385 733 est
1409 703 1558 745 conjicere
1584 706 1764 747 Augustam
1791 704 1882 735 etiam
1914 715 1985 746 pro-

238 753 429 785 Schwarzius
444 753 509 783 haec
526 751 646 794 scripsit
662 751 690 794 §.
704 752 761 781 VI.
778 762 810 793 p.
828 761 879 792 13:
899 755 919 769 ‘⁶
934 752 1078 782 Ceterum
1142 752 1276 794 spexisse
1299 753 1529 785 necessitatibus
1551 755 1773 797 orphanorum,
1791 756 1844 798 qui
1860 755 1986 798 quidem

235 804 274 835 de
298 804 361 835 vita
389 812 419 835 et
446 803 581 834 moribus
609 802 762 834 Saloninae
787 804 943 844 Augustae
971 814 1079 844 parum
1141 803 1253 845 opibus
1265 803 1406 835 destituti
1418 813 1526 836 essent.
1551 807 1732 849 Brequigny
1745 819 1774 849 p.
1787 808 1859 846 264.
1873 814 1984 837 not.S.:

234 855 322 886 nobis
344 862 473 892 constat,
492 854 546 885 nisi
563 854 647 896 quod
670 862 788 885 veteres
811 854 973 896 scriptores
996 853 1080 884 haud
1143 859 1163 872 “
1178 855 1205 885 ΙΙ
1230 855 1298 886 faut
1321 867 1509 898 remarquer,
1526 869 1587 899 que
1609 857 1652 888 les
1674 859 1831 890 medailles
1847 858 1886 889 do
1903 858 1988 889 Salo-

233 907 362 938 obscure
386 907 557 949 significant
579 917 639 936 non
661 905 806 947 exiguam
830 905 856 935 ei
880 905 910 935 in
934 904 1078 935 maritum
1142 906 1222 944 nine,
1239 907 1279 937 ou
1303 906 1363 937 l'on
1387 907 1451 938 voit
1474 909 1547 938 trois
1569 920 1609 939 ou
1633 916 1742 950 quatre
1766 910 1884 947 enfans,
1902 910 1988 940 n'ont

234 964 415 1000 potestatem
432 958 535 988 fuisse.
576 957 727 999 Alioquin
744 957 774 987 in
792 956 893 987 numis
909 964 938 987 et
954 956 1080 998 inscrip-
1098 965 1121 993 C
1144 968 1198 998 pas
1220 969 1301 1000 pour
1322 957 1659 999 legendefecunditas,
1676 961 1751 991 mais
1769 963 1872 1003 pietas
1888 962 1987 1003 Augu,

233 1009 368 1040 tionibus
383 1008 510 1039 vetustis
524 1008 622 1039 eidem
641 1008 802 1050 splendida
817 1009 1004 1045 sanctitatis,
1014 1009 1081 1050 pie·
1142 1019 1173 1038 ce
1195 1010 1248 1051 qui
1268 1014 1343 1050 peut
1366 1021 1513 1052 τηαν-[μιαν
1534 1011 1661 1053 quelque
1682 1012 1988 1053 e‘tablz'ssementjhit

233 1062 318 1098 tatis,
331 1061 494 1103 pudicitia?
516 1060 709 1102 aliarumque
724 1059 874 1090 virtutum
898 1059 1080 1090 tribuuntur
1139 1071 1202 1101 pm·
1216 1060 1444 1102 l'Imperatrice
1466 1063 1642 1102 enjhveur
1661 1063 1713 1093 [lc-s·
1735 1064 1858 1105 enfans.
1903 1063 1988 1094 Mais

233 1112 350 1153 elogia;
382 1111 502 1153 ipsique
528 1111 636 1142 crebro
661 1111 791 1142 honores
818 1110 941 1153 publice
966 1110 1078 1141 decreti
1143 1111 1274 1153 puisque
1290 1123 1368 1143 nous
1384 1121 1533 1143 trouvons
1547 1125 1584 1143 en
1602 1113 1673 1144 effet
1688 1122 1798 1155 quatre
1819 1114 1926 1145 enfans
1947 1114 1987 1145 de

234 1163 397 1198 videntu1·;
423 1162 572 1193 incertum
590 1174 662 1193 vero
678 1174 715 1193 an
732 1174 770 1193 ex
788 1162 851 1193 sola
867 1161 1078 1193 adulatione.''
1141 1170 1219 1193 cette
1237 1164 1449 1206 Imperatrice‚
1467 1164 1530 1194 rien
1548 1165 1735 1207 n'empeehe,
1752 1177 1813 1207 que
1828 1165 1887 1196 l'on
1909 1166 1985 1197 n'in-

232 1214 386 1256 Experiar
401 1225 440 1244 an
459 1213 612 1244 Saloninae
635 1214 725 1244 etiam
751 1214 863 1244 vindex
888 1214 1000 1256 possim
1025 1226 1076 1244 ex·
1141 1215 1273 1255 terprete
1289 1221 1367 1245 cette
1384 1214 1512 1256 legende
1528 1215 1566 1245 de
1582 1227 1635 1245 son
1653 1227 1762 1246 amour
1777 1227 1857 1258 pour
1872 1228 1918 1247 ses
1933 1228 1985 1248 en-

231 1266 338 1296 istere:
364 1267 411 1296 At
432 1265 499 1307 ejus
520 1265 612 1296 fidem
638 1265 669 1296 in
692 1265 836 1296 maritum
861 1266 976 1307 arguit,
992 1265 1077 1308 quod
1140 1264 1236 1295 sauss*
1283 1265 1343 1296 Sed
1360 1265 1390 1296 in
1407 1265 1466 1296 alio
1483 1277 1578 1297 numo
1595 1266 1748 1298 Salonina)
1764 1268 1898 1298 maximo
1913 1267 1987 1310 legi-

231 1317 374 1348 maritum
392 1317 421 1347 in
439 1324 538 1347 castra
553 1317 639 1358 sequi
657 1317 745 1347 solita
760 1317 832 1347 vita*
847 1328 974 1359 quoque
998 1317 1076 1359 peri-
1096 1321 1122 1347 D
1141 1324 1192 1347 tur
1202 1318 1405 1348 Abundanlia
1420 1323 1602 1360 temporum,
1613 1318 1863 1360 conspiciturque
1880 1318 1986 1349 “fem-

230 1368 334 1398 eulum
347 1368 455 1399 adierit
469 1369 619 1407 (Zonaras
631 1378 743 1410 p.237.
766 1368 933 1399 Tillemont
948 1380 977 1410 p.
989 1372 1075 1409 357.)
1140 1379 1187 1399 me
1210 1369 1301 1399 assise
1317 1375 1423 1400 tenant
1445 1381 1504 1399 une
1525 1381 1617 1400 corne
1638 1369 1860 1406 d'abondance,
1877 1369 1987 1411 qu'ellc

231 1419 323 1457 Quod
350 1419 487 1461 ejusdem
515 1419 544 1449 in
573 1419 717 1450 maritum
745 1426 928 1461 potestatem
955 1420 1077 1457 attinet,
1141 1431 1225 1450 verse
1241 1422 1258 1450 a
1268 1421 1337 1462 cinq
1350 1420 1456 1450 enfans
1470 1420 1587 1451 ‹lebout
1600 1420 1713 1451 devant
1726 1420 1797 1457 elle3
1815 1420 1854 1451 de
1866 1421 1987 1463 chaque

230 1471 358 1502 fuerunt
373 1471 427 1513 qui
444 1470 514 1501 inde
530 1470 746 1501 imbecillitatis
767 1470 916 1501 maculam
935 1470 1078 1501 Gallieno
1139 1472 1216 1507 cote,
1236 1482 1295 1501 une
1312 1472 1423 1501 femme
1440 1471 1585 1502 del›‹›ut.”
1612 1472 1773 1509 (Mionnet
1789 1472 1827 1502 de
1844 1473 1871 1503 la
1889 1475 1987 1503 rarete

229 1522 414 1564 adspergere
424 1522 523 1552 conati
535 1521 788 1552 sintreeentiores
799 1523 974 1564 sci·iptores;
992 1523 1077 1564 quod
1139 1521 1192 1551 des
1211 1521 1373 1552 Medailles
1391 1523 1558 1553 Romaines
1575 1534 1603 1564 p.
1622 1526 1691 1561 287.
1709 1525 1769 1564 sq.)
1816 1525 1866 1553 Ac
1889 1523 1913 1553 si
1937 1534 1985 1554 re-

229 1573 340 1604 falsum
365 1586 429 1604 esse
452 1573 597 1604 evincunt
614 1574 772 1615 Excerpta
795 1582 864 1615 post
881 1573 1012 1604 Dionem
1032 1574 1076 1613 (in
1139 1581 1296 1615 putamus,
1315 1585 1386 1615 qua=
1410 1586 1503 1615 supra
1528 1574 1658 1615 legimus
1673 1587 1698 1605 c.
1715 1575 1780 1605 IX.
1799 1574 1919 1617 plenam
1938 1575 1986 1605 fu-

231 1624 359 1656 Collect.
377 1625 490 1665 Vatic.)
509 1625 551 1655 Τ.
566 1625 615 1655 ΙΙ.
640 1636 668 1655 n.
692 1635 758 1655 120.
784 1636 815 1666 p.
830 1626 907 1666 236:
934 1626 978 1655 ὅτι
994 1626 1010 1663 ἡ
1028 1628 1079 1656 τοῦ
1139 1625 1196 1655 isse
1208 1625 1333 1655 domum
1350 1625 1461 1655 Plotini
1477 1636 1642 1667 puerorum
1658 1625 1886 1667 virginumque,
1900 1625 1985 1656 haud

230 1679 396 1715 ΓαλλιηιὌῦ
408 1677 518 1716 γαμετὴ
534 1678 585 1706 τοῦ
599 1676 750 1714 βασιλέως
766 1676 917 1715 ἁπηρέσθη
934 1678 972 1718 τῷ
987 1689 1078 1715 προσ-
1096 1683 1119 1710 Ε
1138 1677 1193 1708 abs
1216 1689 1248 1707 re
1271 1677 1326 1707 erit
1351 1677 1510 1719 suspicari,
1527 1677 1556 1706 in
1579 1676 1614 1706 iis
1636 1677 1726 1707 etiam
1744 1689 1795 1707 eos
1811 1677 1913 1714 fuisse,
1931 1677 1985 1719 qui

229 1728 296 1769 ώπῳ
312 1727 489 1767 ’1νγειόύου,
508 1728 553 1757 καὶ
569 1728 823 1767 μεταπεμψαμένη
841 1731 1022 1758 Βαλει·τῖιόν
1039 1728 1078 1758 εἶ-
1137 1741 1207 1760 eum
1235 1740 1387 1771 pauperes
1413 1736 1523 1765 essent,
1549 1728 1701 1758 beneficiis
1726 1727 1890 1765 Salonium,
1914 1739 1986 1769 quae

228 1791 284 1809 πει)
300 1779 384 1820 αὐτῷ,
402 1780 446 1808 ὅτι
471 1779 528 1818 ἐγὼ
549 1779 602 1816 τὴν
617 1779 674 1816 σὴν
689 1780 861 1818 προαίρεσιν
877 1779 951 1809 οἶδα·
977 1779 1028 1809 τὸν
1046 1781 1076 1810 δὲ
1139 1781 1263 1812 l‘lotino
1279 1781 1412 1818 favebat,
1429 1787 1614 1810 sustentatm
1630 1791 1703 1810 esse.
1740 1780 1824 1810 Utut
1840 1787 1901 1809 est:
1928 1778 1984 1809 hoc

228 1830 361 1867 βασιλέα
384 1831 432 1860 ἐπὶ
453 1831 508 1867 μὲν
524 1832 557 1868 τῇ
582 1831 619 1868 σῇ
644 1831 768 1869 ἑπιλογῇ
793 1831 912 1871 ἐπαινῷ,
932 1831 979 1860 ἐπὶ
995 1832 1025 1860 δὲ
1044 1833 1075 1869 τῇ
1137 1841 1266 1869 certum,
1296 1831 1453 1862 Plotinum
1481 1831 1581 1871 gratia
1607 1830 1738 1860 valuisse
1764 1831 1982 1870 Augustorum

228 1881 404 1920 ’1υγευούου,
422 1881 473 1911 οὐκ
490 1882 608 1912 ἐπαινῶ·
635 1882 668 1911 ἐν
683 1883 781 1919 πολλῇ
805 1881 861 1920 γάρ
883 1894 932 1919 μοι
954 1882 1077 1922 ὑπονοίᾳ
1137 1895 1255 1920 eorum,
1277 1883 1330 1925 qui
1355 1883 1383 1913 in
1409 1882 1601 1913 Christianos
1624 1881 1738 1912 leniora
1760 1880 1884 1911 consilia
1906 1880 1980 1910 inie-

229 1933 320 1963 ἐστίν·
339 1932 406 1963 ἀλλ’
420 1934 591 1972 ἀντιπρᾶξαι
606 1934 644 1974 Τῷ
661 1935 788 1970 βασιλεῖ
799 1933 832 1962 οὗ
846 1933 979 1970 &fimftat-
997 1933 1076 1962 ἀλλὰ
1138 1943 1217 1973 rant,
1235 1935 1379 1976 indeque,
1396 1934 1544 1975 reliquam
1567 1933 1590 1963 si
1613 1931 1744 1962 indolem
1768 1931 1862 1972 liujus
1884 1931 1983 1973 philo-

229 1984 266 2013 σὺ
282 1983 408 2023 ἐπιτήρει
424 1984 476 2014 τὸν
491 1985 592 2023 ἄνδρα·
619 1985 806 2023 ἀποκρίνεται
828 1987 1013 2019 namurcum,
1032 1985 1075 2013 ὅτι
1137 1986 1223 2028 sophi
1241 1994 1369 2028 spectes,
1387 1984 1545 2027 probabile
1562 1984 1638 2021 fleri,
1655 1995 1725 2013 enm
1750 1989 1780 2013 et
1803 1982 1903 2024 ipsum
1928 1982 1983 2012 mi-

230 2034 345 2073 γένοιτο
368 2036 423 2073 μὲν
445 2036 490 2065 καὶ
516 2035 683 2075 ’Ῑνγέινουον
704 2035 828 2074 γνήσιον
848 2035 913 2074 περὶ
937 2035 989 2072 τὴν
1009 2037 1072 2065 Bov—
1095 2046 1117 2072 F
1137 2038 1198 2068 tius
1227 2037 1368 2068 statuisse
1395 2036 1433 2066 de
1462 2035 1645 2066 Christiana:
1675 2033 1813 2075 religioni
1840 2033 1981 2071 addictis,

229 2086 314 2115 λείαν
330 2087 408 2123 ὑμῶν
425 2087 561 2125 ὀφθῆναι·
588 2087 651 2116 ἐπεὶ
667 2086 699 2116 τὸ
724 2087 756 2116 ἐν
773 2086 835 2124 ἐμοὶ
856 2086 906 2116 οὐκ
928 2086 964 2116 ἂν
980 2098 1072 2125 παρα·
1136 2100 1228 2130 qnain
1242 2087 1427 2130 discipulum
1440 2086 1534 2128 ipsius
1551 2086 1631 2116 hunc
1644 2085 1743 2127 ipsum
1759 2084 1979 2126 Porphyrium.

229 2137 326 2175 λείψω
342 2149 369 2166 τι
384 2140 441 2167 τῶν
458 2139 498 2169 εἰς
515 2138 631 2168 εὐιόίαυ
648 2139 784 2177 ὁρώντων
799 2140 850 2168 τοῦ
870 2137 1010 2177 ὑμετέρου
1031 2139 1071 2168 οἵ·
1137 2142 1244 2181 Atque
1267 2139 1333 2169 hasc
1349 2138 1467 2169 veniam
1485 2136 1558 2168 mihi
1575 2136 1781 2167 conciliabunt
1799 2136 1979 2173 Lectorum,

229 2200 286 2217 κου.
327 2188 389 2218 Ubi
407 2190 574 2228 προαίρεσις
591 2200 650 2219 non
669 2189 745 2219 verti
761 2188 1072 2229 debebatjztth'cinm,
1135 2191 1219 2233 quod
1236 2191 1266 2220 iu
1283 2190 1338 2220 hac
1354 2188 1550 2219 annotatione
1561 2188 1649 2230 justo
1664 2187 1812 2229 prolixior
1826 2187 1883 2217 fui.
1908 2188 1963 2219 Cr.

228 2238 279 2268 sed
297 2239 449 2276 voluntas,
464 2240 510 2270 vel
527 2240 716 2270 accuratius:
741 2241 1073 2281 consiliarii,proposi·
1178 2254 1207 2283 p.
1224 2241 1299 2271 lxiii.
1316 2241 1340 2270 b.
1371 2242 1404 2278 τῇ
1427 2241 1559 2280 φιλίᾳ-
1569 2239 1805 2279 καταχρώμενος]
1837 2239 1889 2269 Ex
1918 2249 1976 2268 usu

228 2295 290 2320 tum
311 2289 393 2329 (Vid.
410 2291 572 2321 Aristotel.
590 2291 712 2321 Ethice.
731 2291 884 2321 Nieomm.
906 2292 973 2321 III.
991 2301 1018 2321 2.
1040 2303 1069 2332 p.
1135 2292 1311 2323 Atticorum
1336 2291 1536 2333 inprimisque
1560 2290 1705 2321 Platonis.
1745 2290 1814 2320 Vid.
1835 2290 1976 2332 Sympos.

227 2341 277 2370 83.
302 2340 350 2370 etl.
368 2340 445 2371 Zell.
463 2341 535 2383 ibiq.
553 2342 697 2384 interprr.
715 2342 800 2372 Add.
822 2342 988 2384 Spanheni.
1004 2343 1069 2372 It'c-
1133 2355 1162 2385 p.
1184 2344 1253 2373 188.
1285 2354 1315 2384 p.
1337 2343 1410 2383 398.
1442 2349 1471 2372 et
1501 2354 1530 2384 p.
1557 2351 1626 2382 205.
1659 2353 1690 2383 p.
1710 2351 1782 2382 433.
1808 2340 1908 2371 Bekk.
1937 2340 1976 2371 cf.

227 2402 369 2434 mai-ques
384 2403 441 2422 sur
455 2392 497 2423 les
515 2394 628 2423 Gasars
643 2393 679 2423 (Ic
694 2393 802 2423 ιῘιιῖἱωι
819 2404 851 2434 p.
869 2402 920 2433 95.
953 2392 1068 2422 l‘lotin.
1088 2408 1113 2433 G
1135 2394 1264 2424 Heindf.
1280 2393 1318 2423 ad
1338 2393 1485 2423 thedon.
1502 2405 1533 2435 p.
1548 2403 1617 2433 231.
1650 2391 1831 2423 Stallbaum.
1847 2392 1886 2422 ad
1902 2390 1977 2422 Phi-

226 2455 254 2484 p.
267 2445 340 2483 382.
353 2443 390 2472 B.
415 2442 488 2473 Alia
504 2443 575 2473 dedi
591 2445 630 2474 ad
645 2444 760 2474 l‘lotin.
776 2444 844 2473 III.
858 2454 890 2482 4.
903 2453 934 2484 5.
952 2455 982 2485 p.
996 2446 1068 2483 255.
1132 2445 1191 2475 leb.
1208 2456 1237 2486 p.
1255 2447 1321 2475 160.
1357 2445 1390 2474 J.
1406 2444 1482 2475 Chr.
1498 2444 1598 2474 Wolf.
1615 2443 1652 2474 ad
1672 2442 1792 2473 Libanii
1815 2442 1917 2484 Epist.
1942 2453 1973 2484 p.

228 2494 284 2532 D.)
332 2494 375 2523 Et
398 2493 477 2523 idem
502 2494 558 2525 iste
576 2495 749 2536 Ingenuus,
766 2507 782 2525 e
798 2495 887 2536 cujus
911 2494 1000 2525 vultu
1024 2494 1069 2524 in-
1132 2498 1182 2535 87.
1229 2496 1374 2526 Similiter
1398 2496 1501 2526 Latini
1525 2496 1611 2526 abuti
1636 2505 1858 2536 nonnunquam
1882 2504 1972 2524 usur-

225 2545 326 2575 fausta
352 2544 565 2585 augurabatur
590 2546 744 2583 Salonina,
768 2558 831 2588 quo
857 2554 994 2588 tempore
1023 2547 1068 2576 ni-
1130 2554 1214 2589 pant.
1260 2546 1331 2577 Yid.
1348 2547 1386 2577 ad
1403 2546 1467 2577 Cic.
1485 2547 1523 2577 de
1541 2547 1634 2577 N.D.
1653 2547 1702 2576 II.
1718 2547 1769 2576 60.
1786 2557 1817 2587 p.
1834 2545 1908 2583 464.
1924 2544 1972 2574 ed.

226 2597 316 2627 iniam
344 2596 370 2626 ei
398 2596 488 2626 fidem
515 2596 647 2627 habebat
673 2596 845 2635 Gallienus,
871 2597 966 2639 igitur
989 2597 1069 2627 idem
1132 2598 1247 2628 Moser.
1264 2605 1293 2628 et
1310 2609 1396 2628 meze.
1422 2597 1517 2628 Adde
1533 2598 1586 2627 Jo.
1603 2597 1816 2638 Cannegieter.
1833 2595 1970 2637 Disquis.

226 2655 331 2689 postea
353 2647 453 2678 civilia
475 2659 559 2678 arma
577 2656 683 2678 contra
701 2649 923 2691 Imperatorem
942 2648 1024 2686 tulit,
1040 2656 1071 2679 et
1130 2648 1168 2679 de
1185 2649 1275 2680 Notis
1291 2660 1322 2690 p.
1333 2650 1406 2690 346.
1438 2650 1515 2679 Mox
1532 2661 1548 2679 e
1565 2648 1688 2679 duobus
1703 2647 1788 2677 libris
1802 2646 1873 2677 dedi
1891 2659 1974 2684 κατη-

224 2699 255 2729 in
271 2699 328 2730 illis
345 2699 502 2742 Tyrannis
515 2700 642 2731 exstitit.
684 2700 760 2738 Quis
775 2711 859 2738 vero,
876 2699 929 2742 qui
945 2699 1011 2730 haec
1026 2698 1068 2729 le·
1128 2700 1301 2739 ριπωμέιημκ
1344 2701 1488 2731 Poteram
1504 2699 1594 2731 etiam
1612 2698 1873 2738 κατηρειπωμέυην,
1887 2697 1971 2740 quod
