2201 2990
575 136 732 167 VITAM
756 135 982 167 AUCTORE
1007 134 1299 165 PORPHYRIO.
1322 146 1352 176 p.
1370 134 1465 165 lxviii.
1481 136 1556 167 lxix.

1870 140 1940 171 cxix

186 236 217 267 p.
230 225 302 266 636.
316 224 352 255 Β,
371 235 400 266 p.
414 230 485 264 579.
501 222 620 263 Wytt.;
646 222 676 251 αἱ
697 220 800 261 τέχναι
822 224 937 260 πρῶτον
960 221 1026 250 ἀτύ-
1046 221 1071 248 Α
1090 219 1276 259 impossible,
1298 230 1359 260 quc
1383 231 1416 249 ce
1438 220 1486 250 fftt
1512 222 1529 250 ’ἶι
1551 222 1631 262 Tyr,
1654 235 1692 252 ou
1719 225 1810 265 qu'zm
1838 226 1936 257 moins

185 287 267 305 πωτα
287 275 333 305 καὶ
354 275 472 313 ἄμορφα
491 272 682 307 πλάττουσιν,
702 272 764 302 εἶτα
778 273 902 311 ὕστερον
919 272 1029 302 ἕκαστα

184 329 244 358 τοῖς
259 327 348 356 εἴδεσι
367 325 560 363 διαρθροῦσιν.
608 322 799 353 lamblichus
817 322 876 353 Vit.
896 322 1028 364 Pythag.

184 388 213 417 p.
231 376 296 414 148.
312 374 421 405 Kiessl.
439 373 577 416 loquitur
592 373 631 403 de
647 373 753 404 divino
768 373 858 403 oculo
873 373 1029 403 τονωθέντι

184 427 230 457 καὶ
245 425 458 465 διαρθρωθέντι,
475 424 526 455 ubi
544 432 645 455 tamen
661 431 829 455 extremam
847 436 950 455 vocem
968 435 1029 454 non

182 476 317 519 agnoscit
331 476 408 507 Cod.
425 476 636 506 Memmianus
649 475 678 505 in
697 475 815 506 schedis
829 475 912 506 meis.
939 475 1028 506 Idem

183 540 214 571 p.
229 536 287 559 222
300 540 306 558 :
331 529 358 558 εἴ
371 540 413 559 τις
429 528 618 567 ὃιαρθρώσειε
634 530 737 566 σαφῶς
753 529 803 559 τὰς
818 530 875 557 τῶν
892 530 1028 566 Πυθαγο-

181 581 269 618 ρικῶν
285 579 447 617 συμβόλων
464 578 607 617 ἐμφάσεις
630 579 676 608 καὶ
699 578 879 618 ἀποῤῥήτους
903 579 1025 610 ἐννοίας.
1046 581 1069 608 Β

183 629 324 660 Stobaeus
340 629 471 671 Eclogg.
490 629 611 659 Etbicc.
630 630 678 659 II.
699 637 727 669 7.
754 641 784 671 p.
801 630 852 668 64.
871 630 1024 660 Hceren.:

181 680 334 720 Σωκράτης
358 682 404 711 καὶ
428 680 557 711 Πλάτων
581 681 672 711 ταύτὰ
694 683 733 722 τῷ
758 682 920 720 Πυθαγόρα
942 681 1028 713 τέλος

180 733 320 770 ὁμοίωσιν
334 734 409 762 θεοῦ.
427 731 621 771 ,αφέστερου
637 731 658 762 δ’
677 732 747 762 αὐτὸ
765 732 927 772 διήρθρωσε
944 732 1028 762 Πλά-

304 783 445 814 Clemens
470 783 563 813 Alex.
589 784 702 813 Strom.
722 783 780 813 VI.
808 795 839 825 p.
860 784 929 823 780.
958 790 1026 825 post

180 834 261 865 med.
277 835 325 865 ed.
340 836 456 866 Potter.
469 847 475 865 2
503 836 529 865 εἴ
543 847 584 866 τις
600 836 744 875 ὁμολογεῖ
758 837 877 875 καρδίαν
892 836 930 873 μὴ
948 835 1028 875 ἔχειν

180 796 246 814 Tou).

180 885 404 926 διηρθρωμένην,
423 886 442 916 i.
455 898 481 916 e.
500 885 638 916 animum
662 886 869 928 compositum
893 894 923 917 et
947 893 1028 917 recte

180 937 359 968 formatum.

181 988 271 1019 modo
287 988 381 1030 hujus
397 989 480 1019 verbi
500 1001 573 1019 usus
592 1001 610 1020 a
625 989 760 1031 corporis
777 990 876 1020 forma
891 990 930 1020 ad
947 996 1028 1020 artes

180 1047 299 1070 naturae
322 1040 446 1071 artificis
467 1040 643 1071 imitatrices
663 1041 800 1083 itemque
815 1041 852 1072 ad
871 1041 1029 1082 cogitatio-

180 1102 249 1121 nem
271 1098 301 1122 et
323 1092 504 1128 orationem,
521 1100 677 1135 postremo
699 1092 738 1123 ad
761 1092 883 1123 virtutis
906 1093 1029 1123 moralis

180 1142 317 1173 studium
335 1143 512 1174 traductum
531 1144 579 1174 sit.
619 1144 703 1174 Hinc
724 1144 880 1184 Longinus
896 1144 926 1174 in
946 1146 1029 1175 Prae-

180 1193 293 1224 satione
316 1193 397 1224 infra
412 1207 439 1225 c.
453 1196 533 1225 XX.
554 1207 583 1236 p.
603 1205 668 1236 130.
688 1195 808 1225 Fabric.
823 1208 829 1226 ε
856 1197 895 1227 εἰς
911 1196 962 1233 τὴν
978 1198 1029 1226 τοῦ

180 1246 273 1285 λόγου
296 1245 482 1285 διάρθρωσιν,
530 1247 581 1277 Cf.
607 1246 698 1277 etiam
725 1247 838 1277 Plotin.
867 1247 923 1277 IV.
945 1248 974 1277 6.
996 1256 1025 1278 2.

181 1307 212 1338 p.
230 1305 304 1337 453.
322 1297 361 1327 B.
394 1298 449 1328 Cr.

224 1358 255 1389 p.
270 1347 363 1378 lxviii.
378 1347 394 1378 ¹.
411 1349 560 1388 πρόθυμον
577 1350 730 1393 ἐποίησα]
749 1349 841 1387 Quod
857 1349 1028 1391 conjecerat

181 1397 339 1429 Doblerus
354 1411 402 1441 ap.
416 1399 549 1438 Rubrio„
560 1400 616 1431 boc
632 1401 671 1431 ab
683 1401 778 1431 altera
791 1401 915 1442 quidem
934 1412 1027 1430 manu

182 1448 213 1478 in
229 1448 353 1479 duobus
369 1450 526 1481 codicibus
543 1451 690 1493 scriptum
706 1458 819 1485 exstat:
839 1459 867 1482 et
881 1451 1027 1493 quoniam

181 1499 276 1530 altera
291 1500 390 1538 lectio,
405 1502 553 1539 ἐποίησεν,
568 1514 584 1532 e
597 1503 735 1544 sequenti
752 1502 788 1541 ἣν
805 1509 876 1533 nata
893 1503 1027 1540 videtur⁷

181 1559 211 1582 et
227 1551 325 1594 prima
342 1563 471 1594 persona
487 1553 628 1584 universe
650 1554 707 1584 boc
729 1554 794 1584 loco
810 1553 1029 1595 congruentior

181 1610 237 1640 est,
258 1610 289 1634 et
311 1603 474 1646 Porphyrii
494 1605 653 1646 jactantiae
675 1605 943 1641 accommodatior,
967 1617 1027 1635 non

181 1653 322 1685 dubitavi
337 1655 554 1686 correctionem
573 1656 671 1687 textui
688 1656 811 1688 inferre.
841 1658 898 1688 Cr.

215 1717 245 1747 p.
262 1705 357 1737 lxviii.
372 1713 395 1736 a,
414 1708 541 1745 δηλώσει
556 1708 644 1747 μέρος
661 1709 832 1750 ἐπιστολῆς]
853 1713 872 1726 “
888 1707 1027 1749 Scriptae,

182 1763 216 1787 ut
229 1756 361 1793 videtur,
375 1766 443 1799 post
458 1759 571 1789 Plotini
588 1760 751 1790 mortem.”
768 1760 895 1790 Fabric.
933 1760 1026 1789 Mox:

182 1807 291 1848 ἐπέχον
313 1811 416 1839 τοῦτον
439 1809 490 1840 τὸν
513 1811 631 1849 τρόπον·
665 1815 686 1829 “
704 1811 789 1841 Fort.
808 1811 911 1850 ἕχον.”
934 1811 1027 1851 lVgstt.

183 1859 284 1890 Miror
300 1860 435 1902 Longini
452 1860 598 1892 Editores
614 1861 662 1892 bic
679 1873 738 1892 non
755 1862 927 1892 offendisse.
967 1861 1027 1892 Sed

182 1919 283 1941 tamen
304 1911 406 1942 Codd.
431 1924 556 1954 quoque
579 1924 648 1943 cum
672 1913 798 1956 vulgata
820 1913 1025 1944 consentiunt.

185 1963 239 1993 Cr.

226 2026 256 2056 p.
272 2014 368 2045 lxviii.
385 2014 407 2045 b.
433 2016 530 2056 φησί]
559 2020 579 2033 “
595 2016 666 2046 Hoc
689 2016 897 2058 fragmentum
922 2016 1027 2058 paullo

183 2065 367 2107 elegantiore
390 2074 472 2097 veste
497 2066 605 2097 Latina
627 2067 729 2098 induit
749 2068 887 2098 Jacobus
905 2068 1027 2099 Tollius

185 2117 276 2148 V.Cl.
290 2117 319 2147 in
336 2117 482 2159 praeclara
494 2130 548 2148 sua
560 2118 695 2160 Longini
708 2119 841 2150 editione
854 2132 884 2162 p.
899 2129 970 2161 251.
981 2132 1025 2162 sq.

184 2168 340 2198 Caeterum
358 2168 441 2198 nolui
458 2169 625 2200 versionem
640 2170 739 2201 Ficini
755 2171 898 2202 mutilare
913 2180 967 2202 aut
983 2172 1027 2202 in-

184 2217 490 2260 terpolare.”Fahric.
516 2221 690 2263 Receptum
702 2222 775 2253 item
786 2223 1024 2265 interF1·ag11nn.

185 2269 320 2311 Longini
336 2269 364 2299 in
382 2270 581 2302 Editionibus
598 2273 744 2304 Hudsoni
761 2281 790 2304 et
807 2275 935 2313 Pearcii‚
953 2276 1025 2305 Mo—

184 2321 281 2363 rique,
297 2321 425 2362 Toupii,
445 2322 585 2352 Weiskii.
604 2324 683 2355 Vict.
702 2325 818 2356 Cousin
833 2326 863 2356 111
880 2326 1026 2357 relatione

405 938 514 979 Atque
530 949 567 967 ex
585 937 631 967 bis
648 936 720 968 locis
736 937 934 979 intelligetur,
952 950 1028 980 quo-
1046 943 1069 970 C

1059 2026 1069 2035 Ἴ
1089 2018 1187 2057 δοκᾷν.

1092 270 1161 312 Tyr
1177 269 1217 300 ait
1237 271 1285 299 etc
1303 269 1369 299 leur
1386 270 1483 311 patrie
1506 283 1677 303 commune.
1706 275 1758 314 [cf.
1783 288 1873 318 supra
1897 278 1935 308 ad

1090 321 1142 351 fin.
1156 321 1322 362 cap.VII.]
1342 332 1393 350 car
1410 321 1573 363 Porpbyre
1590 334 1667 353 nous
1683 336 1699 354 a
1716 330 1859 357 conserve
1878 340 1936 359 unc

1094 373 1196 402 Lettre
1212 372 1251 402 de
1269 371 1404 411 Longin,
1421 372 1460 402 ou
1477 372 1583 403 celuici
1607 373 1720 405 Finvite
1742 378 1758 406 it
1782 388 1883 418 passer
1899 380 1936 410 de

1092 423 1181 454 Sicile
1195 426 1211 454 51
1225 423 1380 460 Phenicie,
1393 431 1421 453 et
1438 425 1454 454 ῑι
1471 423 1512 454 lui
1530 432 1675 466 apportcr
1688 425 1741 455 des
1758 430 1938 460 manuscrits

1089 483 1193 505 exacts
1214 474 1252 505 de
1270 474 1383 504 l’lotin.
1434 474 1460 504 Il
1483 474 1580 506 falloit
1602 476 1682 507 donc
1704 489 1764 518 que
1785 479 1900 520 Longin
1917 493 1936 522 y

1089 526 1149 562 fut,
1173 533 1203 556 ct
1228 527 1328 556 meme
1353 526 1426 567 qu'il
1452 538 1472 568 y
1497 528 1551 557 eut
1576 530 1651 558 vecti
1678 528 1842 569 long-tems
1865 543 1938 562 avet:

1091 577 1264 619 Porpbyre,
1279 577 1411 619 puisque
1428 589 1508 619 pour
1523 579 1550 608 le
1566 579 1754 609 determinet·
1769 582 1785 610 ῑι
1804 582 1938 622 prcfercr

1089 641 1123 659 ce
1140 640 1258 671 voyage
1271 631 1288 659 Ξι
1302 640 1341 659 1111
1360 638 1459 663 autre,
1475 629 1494 659 il
1512 629 1553 660 lui
1569 630 1705 672 rappelle
1723 630 1803 661 leurs
1819 632 1938 662 ancien-

1090 691 1142 710 ncs
1159 680 1323 710 babitudes
1343 692 1379 710 en
1399 692 1433 710 ce
1455 692 1531 723 pays
1552 690 1582 712 et
1606 682 1633 712 la
1656 682 1793 713 douceur
1809 683 1847 713 de
1864 684 1938 721 l’air,

1089 731 1143 773 qui
1161 731 1323 762 convenoit
1339 731 1361 761 si
1379 732 1439 762 fort
1462 735 1479 763 ξι
1501 744 1532 763 sa
1557 736 1641 764 sante
1664 734 1818 772 delubree,
1836 748 1869 766 ce
1885 736 1937 778 qui

1090 783 1263 813 sembleroit
1278 783 1352 813 faire
1368 783 1465 814 croire
1478 792 1583 815 contre
1595 786 1723 816 Jonsius
1735 794 1765 817 et
1779 787 1937 817 Ruhnken

1092 833 1160 876 [qui
1188 835 1331 865 Athenas
1360 835 1506 876 Longino
1532 836 1662 878 patriam
1693 837 1845 869 tribuunt.
1874 838 1936 869 vid.

1092 885 1262 916 Ruhnken.
1274 886 1312 916 (le
1324 887 1470 927 Longino
1482 889 1511 927 ξ.
1524 888 1591 919 ΙΙΙ.
1603 900 1634 930 p.
1645 899 1685 928 41)
1695 899 1703 918 1
1713 912 1719 917 .
1733 889 1782 919 cd.
1796 890 1937 933 Bergm]

1091 949 1152 979 que
1174 938 1297 979 Longin
1324 938 1401 968 ctoit
1426 938 1553 980 Syrien;
1579 951 1630 970 car
1653 939 1671 969 il
1696 947 1739 970 est
1764 940 1939 982 impossible

1090 989 1129 1019 de
1151 1000 1188 1019 ue
1210 1001 1264 1031 pas
1283 989 1347 1019 voir
1363 989 1439 1020 dans
1463 997 1549 1021 toute
1572 990 1601 1021 la
1625 991 1712 1021 lettre
1728 991 1767 1021 de
1785 992 1903 1034 Longin
1922 995 1937 1023 ξι

1794 1045 1831 1074 In
1858 1044 1936 1075 Cod.

1090 1091 1159 1122 Vat.
1178 1103 1223 1122 nr.
1239 1102 1327 1133 1353.
1347 1104 1437 1123 manu
1458 1094 1564 1124 Const.
1584 1094 1724 1125 Las-caris
1747 1095 1861 1137 scripto
1880 1095 1939 1126 hoc

1089 1143 1226 1185 epistolae
1251 1144 1460 1185 fragmentum
1490 1145 1666 1175 inscribitur
1693 1149 1841 1186 Λογγῖνος
1868 1147 1939 1186 πρὸς

1746 1198 1815 1228 Vid.
1844 1198 1938 1228 Bastii

1089 1245 1247 1276 Addenda
1263 1245 1303 1275 ad
1320 1246 1499 1287 Longinum
1517 1247 1647 1277 Weiskii
1667 1259 1697 1289 p.
1710 1250 1781 1289 650.
1809 1250 1861 1279 Cr.

1092 1040 1255 1083 Porpbyre
1280 1040 1307 1071 lc
1333 1048 1384 1071 tou
1409 1041 1484 1072 d'un
1510 1043 1745 1084 compatriotc.'’

1090 1195 1270 1233 Hopcpv'ptozv.
1304 1194 1392 1234 μέρος
1418 1196 1500 1226 ἐστὶν
1528 1197 1696 1234 ἐπιστολῆς.

1132 1308 1161 1338 p.
1179 1296 1254 1327 lxix.
1272 1303 1294 1327 c·
1319 1297 1375 1326 Καὶ
1398 1297 1791 1340 σὺ-πέμπειν-κομίζειν]
1826 1304 1846 1317 “
1866 1301 1937 1331 Scil.

1089 1347 1192 1385 ἀξιῶ.”
1216 1348 1342 1378 Fabric.

1089 1398 1177 1440 ligas,
1191 1406 1219 1428 et
1235 1407 1355 1440 poterat
1373 1400 1542 1441 Longinus,
1559 1401 1697 1432 Platonis
1714 1414 1770 1432 usu
1790 1411 1938 1441 versatus,

1088 1449 1146 1479 hoc
1163 1449 1313 1491 promtius
1328 1450 1455 1492 antiqua
1474 1451 1606 1482 formula
1625 1453 1679 1483 uti.
1707 1454 1936 1496 Antiquitatent

1089 1509 1226 1542 arguunt
1240 1501 1371 1532 Homeri
1384 1510 1413 1533 et
1429 1504 1568 1534 Hecataei
1583 1504 1697 1535 Milesii
1712 1506 1936 1546 Fragmentum

1089 1552 1172 1593 apud
1191 1552 1290 1594 ipsum
1311 1553 1489 1593 Longinum
1507 1568 1536 1586 π,
1555 1557 1609 1595 ὕψ.
1628 1546 1784 1587 XXVII.
1799 1567 1825 1588 2.
1844 1570 1864 1599 p
1886 1560 1938 1597 96.

1092 1604 1235 1634 Weiskii.
1260 1605 1313 1635 Cf.
1338 1605 1428 1636 etiam
1449 1606 1579 1637 Heindf.
1603 1607 1641 1638 ad
1668 1607 1801 1638 Platonis·
1819 1610 1936 1652 Cratyl.

1091 1667 1121 1698 p.
1138 1666 1206 1695 141.
1225 1663 1255 1687 et
1276 1656 1314 1686 ad
1333 1657 1468 1699 Sopbist.
1494 1669 1524 1700 p.
1545 1667 1615 1698 277.
1633 1666 1662 1689 ct
1681 1660 1797 1690 Matth.
1817 1661 1872 1691 Gr.
1890 1672 1936 1702 gr.

1092 1708 1119 1747 ξ.
1143 1709 1215 1748 546.
1240 1719 1271 1750 p.
1293 1716 1383 1747 1072.

1091 1760 1217 1799 ἀφίκοιο.
1265 1763 1285 1777 “
1301 1759 1504 1790 Scribendum
1521 1764 1701 1800 προσδοκῶν.

1392 1349 1462 1378 Non
1484 1357 1529 1379 est
1551 1349 1635 1391 quod
1653 1350 1824 1392 quidquam
1848 1351 1936 1382 intel-

1431 1710 1528 1739 llon:
1555 1711 1585 1740 τί
1605 1712 1661 1749 γὰρ
1685 1711 1937 1750 (ἲν-προσδοκῶν

1750 1763 1835 1797 Quid
1855 1764 1935 1792 cuim

1089 1811 1252 1852 Sapientiae
1266 1822 1286 1840 (ι
1302 1811 1389 1841 nobi-5
1405 1817 1558 1853 eans’pectes
1581 1813 1716 1843 adventio
1734 1818 1785 1843 tao
1796 1815 1810 1844 .9
1849 1814 1934 1844 Tbe-

1090 1861 1170 1891 mist.
1188 1862 1274 1892 Orat.
1295 1862 1428 1892 XXIV.
1453 1874 1484 1905 p.
1500 1863 1597 1904 301.'⁷
1629 1865 1731 1906 Toup.
1779 1865 1935 1895 Nimirum

1090 1912 1119 1942 in
1137 1912 1199 1943 Ed.
1218 1912 1362 1951 Fabricii,
1381 1912 1467 1955 [quae
1483 1914 1588 1945 multis
1610 1915 1728 1945 mendis
1746 1915 1860 1946 foedata
1880 1924 1935 1952 est,

1089 1976 1166 2006 quas
1189 1964 1325 2006 singulas
1349 1973 1454 1995 notare
1478 1965 1586 2008 taedet]
1606 1966 1752 2008 scriptum
1775 1974 1820 1997 est
1843 1980 1933 2006 προσ-

1236 2015 1296 2046 Sed
1314 2016 1408 2047 Basil.
1425 2024 1455 2047 ct
1477 2017 1544 2047 libri
1564 2029 1670 2048 omnes
1693 2018 1787 2048 nostri
1805 2018 1935 2049 Partici-

1088 2067 1172 2110 pium
1191 2067 1315 2098 babent.
1341 2069 1397 2099 Cr.

1131 2131 1162 2161 p.
1179 2118 1254 2149 lxix.
1272 2119 1297 2148 d.
1330 2121 1355 2149 εἰ
1376 2120 1466 2158 μηδὲν
1489 2119 1524 2150 δι’
1549 2120 1724 2158 ἄλλο-τήν
1747 2133 1780 2160 γε
1804 2122 1936 2151 παλαιὰν

1089 2170 1260 2211 συνήθειαν]
1280 2170 1342 2200 Ed.
1361 2170 1454 2201 Basil.
1473 2178 1502 2201 et
1521 2171 1637 2201 Fabrie.
1655 2171 1708 2209 τήν
1723 2184 1763 2201 τε.
1790 2171 1935 2213 Τ111111111ς

1087 2221 1212 2262 corrigit
1235 2221 1287 2260 τήν
1307 2235 1341 2261 γε
1365 2235 1394 2252 π.
1414 2235 1445 2252 σ.
1469 2221 1599 2253 laudans
1623 2222 1734 2253 similes
1758 2223 1838 2253 locos
1861 2223 1934 2253 Ari-

1088 2272 1187 2303 stotel.
1208 2272 1302 2303 Rhet.
1322 2274 1369 2303 II.
1394 2284 1424 2315 p.
1441 2283 1513 2314 345.
1556 2273 1705 2315 Xenopb.
1730 2274 1851 2304 Hellen.
1876 2275 1933 2305 IV.

1090 2323 1242 2366 l‘orpbyr.
1271 2324 1309 2354 de
1333 2324 1457 2354 Abstin.
1477 2326 1525 2354 II.
1542 2335 1594 2366 31.
1628 2325 1784 2355 Plutarch.
1803 2328 1934 2363 Quzestt.

182 2372 221 2403 de
238 2371 373 2412 Eunapii
395 2372 527 2403 editione
549 2373 738 2406 Boissonadii
762 2376 792 2406 in
816 2377 949 2408 Journal
972 2378 1026 2408 des
1044 2389 1071 2416 G
1091 2376 1211 2405 Romm.
1227 2388 1255 2417 p.
1269 2376 1338 2416 263.
1354 2378 1460 2417 (quem
1478 2376 1516 2406 ad
1534 2376 1612 2407 banc
1629 2387 1765 2406 normam
1782 2376 1853 2406 item
1871 2388 1935 2406 cor-

184 2424 301 2454 Savans
317 2434 356 2452 111.
370 2423 441 2452 Jan.
458 2430 488 2453 et
502 2423 592 2454 Febr.
609 2426 697 2465 1827.
714 2427 851 2466 (Exti-ait
868 2440 896 2470 p.
910 2431 937 2459 ὅ.
950 2432 1023 2471 sq.):

184 2479 205 2493 ‘⁸
223 2475 271 2504 On
296 2474 357 2504 voit
381 2485 488 2504 encore
512 2474 588 2505 dans
612 2475 654 2506 les
677 2476 759 2507 deux
785 2490 946 2521 ouvrages,
966 2493 1027 2522 que

184 2525 347 2568 Porpbyre
363 2525 468 2555 etudia
483 2536 553 2555 sous
571 2526 713 2568 Longin3
735 2528 810 2559 mais
826 2529 856 2559 ni
872 2529 949 2560 dans
964 2531 1026 2561 l'un

184 2576 214 2607 ni
231 2577 306 2606 dans
324 2576 429 2606 l'autre
446 2576 464 2606 il
481 2584 526 2607 est
541 2576 587 2607 dit
603 2576 680 2608 dans
696 2578 797 2619 quelle
813 2579 892 2610 ville.
919 2582 963 2612 Ce
978 2582 1029 2613 ffit

184 2627 417 2670 probablement
443 2630 460 2658 ἐι
489 2627 640 2664 Ausones,
667 2629 707 2658 ou
736 2630 855 2671 Longin
888 2631 1029 2663 §illustra

183 2690 301 2710 comme
318 2680 505 2711 Professeur.
552 2680 735 2721 Cependant
757 2680 776 2710 il
801 2692 839 2711 ne
862 2683 953 2712 seroit
976 2694 1030 2724 pas

1089 2427 1174 2468 rigit)
1196 2438 1330 2468 eumque
1353 2435 1476 2458 secutus
1498 2435 1541 2457 cst
1566 2436 1596 2458 et
1613 2427 1773 2458 l‘Vcisldus
1795 2428 1935 2469 (1111311-

1089 2478 1228 2508 tenbacb.
1253 2481 1299 2508 At
1312 2478 1381 2508 libri
1394 2479 1487 2509 nostri
1503 2478 1542 2508 nil
1557 2478 1687 2515 variant,
1702 2486 1812 2520 przetcr
1826 2489 1931 2508 unum.

1088 2530 1141 2571 qui
1167 2543 1198 2560 τε
1223 2529 1356 2560 omittit:
1384 2537 1484 2560 tamen
1511 2529 1546 2560 iis
1570 2529 1846 2571 obteinpet·a11‹l·.11n
1874 2539 1931 2558 non

1088 2580 1175 2611 duxi.
1201 2582 1257 2612 Cr.

1131 2643 1160 2673 p.
1179 2631 1254 2662 lxix.
1271 2639 1295 2662 e·
1318 2634 1369 2662 τοῦ
1385 2633 1518 2670 σώματος
1535 2631 1718 2673 ἀσθένειαν]
1738 2635 1758 2648 “
1773 2630 1823 2659 Ob
1838 2640 1930 2670 quam

1088 2682 1183 2724 ipsam
1200 2682 1483 2713 Ρ1011111151ἰοι1111111
1502 2690 1534 2712 ut
1552 2682 1736 2723 relinqueret.
1752 2688 1782 2711 ct
1800 2679 1930 2710 Siciliam
