2201 2990
570 432 1071 492 MARSILII
1146 430 1504 488 FICINI

1017 580 1052 602 IN

459 694 602 733 LlB.
654 693 728 732 IX.
789 691 1213 732 ENNEADIS
1272 688 1617 734 TERTIA&

582 828 660 867 DE
690 828 841 867 OCTO
871 825 1496 872 CONSIDERATIOfflBUS,

764 966 1315 1017 ARGUMENTUM.

753 1259 937 1294 SUMMA
964 1259 1151 1293 TOTIUS
1178 1257 1331 1292 LIBRI.

233 1379 457 1433 Propositio
477 1379 618 1432 prima,
638 1378 751 1432 quod
771 1378 915 1417 mundi
937 1384 1078 1418 auctor
1098 1378 1150 1417 sit
1170 1376 1404 1416 intellectus
1424 1375 1590 1428 primus⁵
1612 1374 1736 1427 ipsius
1756 1375 1851 1413 boni

979 1446 1099 1485 filius.

184 1528 367 1581 NOVEM
385 1550 540 1593 praecipue
554 1550 584 1580 in
601 1550 657 1580 boc
673 1549 751 1580 libro
766 1549 1020 1580 considerationes

182 1602 340 1636 apparent.
387 1594 492 1624 Prima
507 1602 551 1624 est
567 1593 605 1623 de
620 1599 745 1623 auctore
766 1592 890 1623 mundi:
916 1592 979 1630 ubi,
996 1592 1019 1622 si

184 1637 253 1678 quis
264 1637 341 1667 viam
355 1636 516 1667 Iamblichi
530 1636 716 1677 Proculique
726 1642 883 1677 sequatur,
891 1642 1023 1677 exponet

186 1679 297 1710 Timaei
325 1679 442 1710 dictum
467 1679 545 1710 illud
570 1679 608 1709 de
634 1679 741 1720 opifice
766 1678 885 1716 mundi,
912 1678 1024 1709 scilicet

185 1730 262 1764 quot
286 1722 370 1753 ideas
393 1722 564 1753 intellectus
588 1722 730 1763 intelligit
754 1721 784 1752 in
809 1721 875 1763 ipso
894 1721 1024 1759 vivente,

186 1765 313 1796 totidem
331 1765 444 1807 species
459 1765 605 1807 cogitavit
619 1765 727 1795 mundi
743 1764 846 1807 opifex
863 1765 893 1795 in
910 1764 1027 1795 mundo

186 1808 355 1850 disponere.
400 1809 546 1850 Exponet
570 1808 612 1845 id,
631 1808 769 1849 inquam,
785 1808 843 1838 ita:
869 1808 949 1838 Tres
972 1808 1026 1838 sci-

187 1851 255 1882 licet
270 1851 376 1882 saltem
391 1863 455 1882 esse
470 1851 589 1881 divinas
612 1850 796 1881 substantias
818 1850 897 1881 inter
913 1850 1023 1892 princi-

188 1894 272 1936 pium
289 1895 434 1936 primum,
451 1894 482 1924 id
497 1901 553 1931 est,
569 1894 670 1936 ipsum
686 1894 801 1924 bonum
824 1901 918 1935 atque
939 1905 1027 1924 mun-

188 1937 275 1967 dum.
313 1938 452 1974 Quarum
476 1937 575 1979 prima
597 1936 767 1967 secundum
788 1937 917 1967 formam
941 1948 1026 1967 suam

189 1980 317 2010 essentia
332 1980 368 2010 sit
384 1980 456 2010 boni
472 1980 634 2022 particeps,
650 1991 684 2010 ac
708 1979 832 2021 insuper
848 1979 919 2010 vitre
935 1979 1026 2010 intel-

191 2023 347 2064 lectusque
370 2034 471 2053 causa.
518 2023 660 2053 Secunda
675 2034 757 2060 vero,
774 2022 942 2053 secundum
967 2023 1027 2053 for-

190 2077 271 2096 mam
294 2066 332 2096 sit
349 2066 420 2102 vita,
436 2065 588 2107 particeps
609 2065 735 2107 quidem
758 2065 914 2096 essentiae:
939 2065 1027 2096 intel-

191 2109 286 2140 lectus
301 2117 403 2139 autem
419 2108 554 2139 formalis
569 2120 669 2139 causa.
702 2108 811 2139 Tertia
826 2108 960 2150 denique
975 2120 1029 2151 per

192 2152 320 2182 sormam
336 2151 374 2182 sit
390 2151 570 2189 intellectus,
584 2151 656 2182 vitae
671 2151 795 2193 quidem
819 2152 982 2194 particeps,
999 2159 1029 2182 et

191 2206 282 2225 causa
305 2194 424 2225 mundi.
470 2194 610 2225 Primum
633 2194 801 2225 nominabit
818 2194 959 2232 Caelium,
985 2206 1029 2225 se-

192 2237 329 2268 eundum
345 2249 417 2268 vero
432 2238 611 2274 Saturnum,
622 2237 745 2267 tertium
758 2237 891 2280 denique
905 2239 1027 2270 Jovem:

194 2288 341 2322 tantoque
365 2280 552 2322 superiorem
576 2281 709 2310 Saturno
733 2280 874 2318 Caelium,
898 2287 928 2312 et
951 2282 1031 2311 Jove

195 2325 362 2354 Saturnum
378 2322 574 2360 existimabit,
591 2331 708 2364 quanto
729 2323 866 2364 superior
886 2324 1032 2366 priorque

194 2366 322 2397 essentia
337 2372 393 2403 est,
410 2377 503 2407 quam
518 2366 591 2402 vita,
607 2373 637 2396 et
653 2365 726 2402 vita,
743 2377 835 2408 quam
851 2367 1032 2398 intellectus.

195 2409 270 2440 Esse
293 2420 365 2439 vero
388 2408 548 2439 essentiam
574 2409 760 2451 superiorem
785 2408 857 2446 vita,
881 2417 1033 2451 quatenus

193 2452 325 2494 amplius
347 2464 378 2482 se
397 2451 554 2489 diffundit,
577 2460 607 2482 et
627 2451 732 2489 vitam,
756 2459 882 2494 propter
905 2453 1030 2483 similem

194 2494 429 2537 amplitudinem
453 2506 516 2525 esse
540 2501 672 2525 mentem
699 2494 895 2536 superiorem.
942 2496 1032 2526 Dicet

196 2539 300 2579 itaque
312 2537 499 2568 intellectum
513 2537 682 2575 formalem,
695 2538 717 2567 J
720 2549 870 2579 ovemque
885 2550 948 2569 esse
964 2550 1033 2581 pro-

197 2581 313 2611 ximum
330 2580 437 2611 mundi
453 2580 586 2616 fabrum,
603 2580 820 2611 intellectuales
843 2580 924 2611 ideas
945 2593 1034 2612 mun-

196 2624 347 2654 danarum
369 2634 470 2654 rerum
495 2623 525 2653 in
550 2635 580 2653 se
603 2623 783 2653 habentem:
808 2635 885 2665 quas
907 2624 1032 2666 quidem

198 2667 279 2697 ideas
302 2666 450 2709 acceperit
473 2666 511 2697 ab
532 2665 687 2697 intellectu
703 2665 798 2705 vitali,
815 2666 926 2698 scilicet
941 2679 959 2698 a
976 2668 1032 2698 Sa-

1064 1557 1167 1585 turno,
1184 1548 1214 1577 in
1230 1558 1293 1589 quo
1312 1547 1389 1577 ideae
1412 1546 1472 1577 sint
1494 1544 1724 1582 intellectuales,
1741 1551 1772 1575 et
1794 1544 1906 1575 intelli-

1064 1591 1172 1634 gibiles
1188 1602 1287 1633 aeque,
1304 1602 1381 1632 quas
1398 1590 1550 1620 Saturnus
1572 1588 1684 1618 habeat
1699 1587 1738 1618 ab
1754 1586 1908 1618 intellectu

1066 1634 1232 1665 essentialis
1269 1632 1348 1674 [Ed.
1371 1644 1416 1675 pr.
1448 1631 1627 1673 essentiali],
1650 1630 1761 1661 scilicet
1785 1630 1825 1661 ab
1847 1630 1912 1672 ipso

1069 1678 1175 1713 Caelio,
1192 1677 1223 1707 in
1247 1688 1310 1718 quo
1332 1675 1537 1717 intelligibiles
1561 1674 1714 1704 duntaxat
1739 1673 1798 1704 sint
1823 1673 1909 1704 ideae.

1072 1721 1121 1751 Sic
1137 1720 1232 1762 igitur
1243 1719 1399 1750 Timaeum
1416 1717 1686 1760 interpretabitur:
1713 1716 1911 1747 Providentia

1070 1765 1091 1794 J
1095 1764 1159 1794 ovis
1175 1762 1359 1805 excogitavit
1375 1769 1421 1792 tot
1437 1761 1468 1791 in
1483 1760 1601 1791 mundo
1616 1760 1731 1802 species
1751 1759 1911 1797 fabricare,

1069 1815 1147 1849 quot
1173 1805 1389 1836 animadvertit
1415 1804 1593 1835 Saturnium
1619 1802 1807 1834 intellectum
1831 1802 1914 1833 ideas

1069 1849 1280 1891 contemplari,
1303 1848 1333 1878 in
1356 1848 1423 1890 ipso
1445 1847 1576 1884 vivente,
1603 1846 1634 1876 id
1660 1853 1716 1883 est,
1741 1845 1771 1875 in
1798 1845 1915 1876 Caelio:

1071 1893 1125 1935 qui
1141 1892 1270 1923 essentia
1286 1891 1324 1922 sit
1339 1903 1430 1922 causa
1445 1890 1525 1921 vitae.
1550 1889 1649 1931 Apud
1666 1888 1825 1919 Plotinum
1842 1900 1914 1919 vero

1072 1948 1131 1966 non
1149 1943 1209 1966 tres
1232 1934 1422 1972 substantiae,
1439 1933 1490 1964 sed
1514 1944 1575 1963 una
1600 1939 1721 1963 tantum
1744 1931 1915 1962 substantia

1071 1987 1116 2010 est
1132 1978 1193 2016 illa,
1207 1990 1278 2020 quae
1294 1977 1470 2008 nominatur
1485 1975 1614 2007 essentia
1630 1975 1755 2017 vitaque
1771 1974 1870 2016 prima
1885 1982 1915 2005 et

1072 2022 1243 2053 intellectus
1258 2020 1384 2063 primus.
1431 2020 1503 2050 Vita
1518 2019 1598 2049 enim
1614 2018 1714 2060 prima
1734 2017 1809 2048 nihil
1830 2017 1915 2048 aliud

1073 2073 1129 2102 est,
1150 2076 1243 2107 quam
1266 2063 1392 2094 intimus
1414 2069 1645 2105 perpetuusque
1668 2061 1755 2102 vigor
1778 2068 1808 2091 et
1831 2068 1916 2091 actus

1072 2108 1209 2139 essentiae
1226 2107 1395 2148 formaeqroe
1419 2106 1526 2148 primae
1548 2103 1761 2136 efficacissimae
1777 2103 1915 2134 omnium

1072 2151 1110 2182 ad
1127 2150 1292 2193 agendum.
1341 2150 1464 2180 Primus
1482 2160 1608 2190 quoque
1623 2146 1796 2178 intellectus
1811 2155 1856 2177 est
1872 2158 1916 2177 re-

1072 2194 1163 2225 flexio
1179 2193 1320 2235 quaedam
1347 2193 1377 2222 in
1401 2204 1431 2222 se
1456 2192 1552 2234 ipsam
1568 2191 1640 2221 vitae
1663 2190 1772 2232 primae
1795 2189 1912 2232 potissi-

1074 2249 1158 2268 mum
1176 2248 1277 2267 seeum
1295 2236 1360 2278 ipsa
1375 2235 1552 2266 constantis.
1582 2234 1671 2264 Illam
1688 2245 1761 2275 ergo
1777 2233 1916 2263 substan-

1074 2281 1146 2311 tiam
1165 2280 1307 2311 Plotiuus
1321 2278 1455 2321 appellat
1471 2276 1661 2319 intelligibile
1678 2276 1822 2318 primum,
1839 2287 1914 2317 qua-

1077 2330 1166 2354 tenus
1191 2323 1260 2353 viva
1285 2329 1330 2352 est
1353 2329 1447 2363 atque
1468 2321 1624 2357 foecunda,
1648 2326 1809 2361 potestque
1831 2318 1862 2348 in
1886 2330 1916 2348 se

1077 2367 1142 2408 ipsa
1168 2366 1326 2407 concipere
1353 2364 1552 2402 intellectum,
1580 2370 1824 2404 conceptumque
1849 2372 1915 2391 mo—

1077 2421 1158 2446 vere,
1179 2408 1363 2451 penitusque
1385 2408 1527 2438 formare.
1572 2405 1722 2448 Appellat
1744 2405 1815 2435 item
1840 2404 1918 2434 hanc

1077 2452 1278 2483 substantiam
1294 2451 1494 2486 intellectum,
1512 2456 1663 2492 quantum
1688 2454 1804 2490 spectat
1819 2447 1858 2477 ad
1875 2447 1917 2476 vi-

1077 2496 1166 2526 talem
1183 2496 1250 2537 ejus
1265 2494 1414 2525 actionem
1432 2506 1449 2524 a
1465 2506 1496 2524 se
1511 2500 1647 2523 exortam
1665 2492 1695 2521 in
1711 2502 1741 2521 se
1762 2489 1914 2519 reflexam.

1076 2538 1226 2580 Appellat
1250 2549 1372 2568 rursum
1398 2536 1597 2578 cogitativum
1623 2533 1739 2575 aliquid
1764 2532 1915 2573 quodam-

1077 2582 1186 2612 modo:
1211 2581 1355 2623 quoniam
1380 2579 1498 2617 statuit,
1515 2590 1586 2620 qua·
1609 2577 1685 2607 vidit
1708 2576 1800 2612 intus,
1816 2575 1917 2606 distri-

1076 2625 1171 2655 buere
1186 2624 1277 2655 foras.
1318 2622 1452 2654 Proinde
1469 2629 1557 2663 putat
1574 2621 1602 2650 in
1619 2619 1725 2649 ordine
1740 2629 1843 2648 rerum
1859 2630 1914 2649 ex-

1076 2667 1148 2698 oriri
1170 2675 1288 2697 motum
1310 2674 1381 2697 ante
1403 2665 1592 2700 divisionem,
1610 2663 1740 2703 Dcoque
1769 2660 1844 2701 [Ed.
1868 2672 1916 2703 pr.

1132 2720 1242 2759 402
