2201 2990
377 193 451 230 166

372 289 560 328 extenditur,
576 301 594 320 a
613 301 677 332 quo
695 290 855 330 formatur,
874 300 908 323 ut
923 292 1095 324 distinctius
1118 293 1208 324 uber-

374 331 483 373 iusque
498 332 622 363 formari
639 341 742 375 queat.
787 335 845 366 Est
860 335 955 377 igitur
970 335 1207 367 fundamentum

375 375 482 405 mundi
498 375 626 406 materia
640 377 741 415 simul,
755 385 847 420 atque
859 379 1006 409 dimensio
1019 391 1024 409 :
1050 391 1068 409 a
1083 380 1208 410 materia

374 417 499 458 quidem
527 419 685 456 mutabile,
711 432 730 451 a
755 420 942 452 dimensione
967 422 1141 459 dividuum,
1169 423 1208 452 ab

377 468 506 502 utroque
522 461 659 493 inefficax
675 471 705 494 et
724 464 892 506 passivum,
908 465 1136 506 necessarioque
1157 465 1210 495 ali-

377 503 458 534 unde
480 504 665 547 dependens.
712 507 854 538 Mundus
868 507 962 549 igitur
978 519 1039 538 non
1054 515 1098 538 est
1113 507 1206 538 facul-

377 554 438 577 tate
461 547 507 577 sui
530 548 664 590 corporis
687 550 811 592 propria
832 551 1045 592 sempiternus,
1068 550 1118 580 sed
1143 558 1208 580 tum

374 589 414 619 ab
429 590 529 621 anima
545 591 629 622 velut
644 604 662 622 a
677 604 767 623 causa
782 593 1017 623 immortalitatis
1036 593 1208 629 intrinseca,

376 640 441 662 tum
458 644 475 663 a
490 634 647 665 voluntate
661 635 766 666 divina
780 636 865 666 velut
879 636 918 665 ab
933 635 1102 666 extrinseco
1124 635 1205 676 prin<

373 675 453 717 cipio
467 684 561 718 atque
576 678 644 708 fine.
693 678 724 709 Si
740 678 769 709 in
787 679 855 708 Deo
870 678 1078 708 consideratur
1100 686 1210 708 natura

373 719 440 760 ejus
462 719 491 749 in
515 727 585 751 actu
608 732 727 763 semper
750 721 855 751 eodem
879 720 1009 751 existens
1031 732 1065 751 ac
1088 721 1209 762 penitus

373 761 581 800 immutabilis,
597 765 731 794 mundus
746 764 868 794 videtur
887 763 957 793 inde
976 763 1068 793 fuisse
1090 774 1209 805 semper

373 813 403 835 et
418 805 493 835 fore.
532 806 615 837 Hinc
632 807 818 843 Mercurius,
834 813 862 836 et
880 806 1031 843 Plotinus‚
1045 806 1118 848 quia
1133 806 1209 836 divi-

373 858 481 878 norum
505 860 568 879 esse
593 849 630 879 sit
652 849 743 884 idem,
768 857 861 890 atque
884 860 985 890 agere,
1005 857 1035 879 et
1058 849 1208 880 actionem

372 890 453 920 illam
477 891 577 922 statim
602 900 748 933 sequatur
765 892 900 927 effectus,
917 892 1068 922 mundum
1085 892 1208 923 omnino

367 933 510 974 judicant
533 934 761 976 sempiternum.
809 934 861 964 Sin
881 943 982 965 autem
999 935 1208 966 consideratur

374 976 465 1007 libera
482 977 510 1007 in
529 978 596 1007 Deo
613 976 763 1013 voluntas,
780 984 873 1018 atque
889 977 953 1008 lucc
975 978 1081 1008 muudi
1099 979 1208 1020 princi-

371 1019 455 1060 pium
468 1019 636 1061 judicatur,
650 1020 733 1061 quod
754 1020 938 1056 Mercurius,
953 1021 1053 1058 Plato,
1067 1021 1207 1052 Plotinus

370 1062 552 1098 existimant,
577 1062 699 1093 videtur
722 1063 856 1093 mundus
884 1075 902 1093 a
928 1065 995 1094 Deo
1020 1076 1117 1095 novus
1145 1065 1207 1095 sinc

370 1105 503 1135 novitate
519 1105 630 1135 divium
648 1113 775 1143 naturae,
792 1106 854 1136 sine
872 1106 1027 1137 voluntate
1049 1119 1127 1138 nova
1142 1108 1206 1138 ficri

370 1159 467 1189 posse.
506 1148 554 1178 Sic
571 1159 644 1189 ergo
662 1149 858 1185 Plutarchus,
875 1158 902 1179 et
922 1153 1061 1188 Severus,
1077 1158 1104 1181 et
1125 1151 1207 1181 Ani-

369 1202 422 1221 cus
436 1202 548 1221 novum
563 1191 713 1222 mundum
727 1192 911 1229 existimant,
924 1193 979 1223 hoc
994 1205 1082 1224 sensu
1095 1194 1205 1224 Timaei

371 1233 461 1264 Locri
473 1234 588 1264 dictum
605 1235 797 1277 accipientes,
805 1235 855 1266 ubi
873 1236 928 1266 ait:
943 1237 1058 1267 “Deus
1075 1237 1205 1267 animam

369 1277 475 1307 mundi
491 1277 614 1314 creavit,
637 1290 692 1308 suo
712 1290 838 1320 corpore
861 1279 991 1320 priorem
1017 1288 1081 1310 tum
1106 1288 1205 1321 potes-

369 1328 441 1357 tate,
459 1328 524 1350 tum
543 1322 706 1363 tempores*
725 1322 814 1352 Unde
827 1322 915 1352 l’lato
931 1323 1020 1353 etiam
1038 1323 1066 1352 in
1086 1323 1207 1354 Tinneo

368 1363 452 1400 dicit,
464 1363 632 1394 “Animam
647 1364 764 1401 mundi,
776 1377 903 1406 corpore
916 1377 971 1395 suo
984 1366 1126 1407 priorem,
1141 1374 1204 1397 tum

369 1406 492 1442 virtute,
517 1416 582 1437 tum
605 1408 800 1447 generatione
822 1409 983 1439 creat-tuns*
1011 1410 1206 1451 Quamquam

369 1449 432 1480 haec
450 1449 560 1480 Timaei
583 1450 780 1492 Platonisque
804 1452 895 1481 verba
922 1451 1071 1489 Plotinus,
1085 1461 1114 1483 et
1134 1454 1207 1483 Por-

368 1492 508 1534 phyrius,
533 1493 757 1535 Proculusque,
781 1503 810 1524 et
833 1494 880 1524 alii
905 1495 945 1525 sie
967 1503 1145 1537 exponunt;
1173 1503 1206 1527 ut

369 1544 501 1578 tempuS,
515 1544 544 1566 et
559 1537 725 1577 generatio,
739 1537 851 1578 quihus
867 1538 966 1568 anima
983 1538 1124 1579 przeeedit
1141 1551 1205 1569 cor-

368 1590 437 1620 pus,
466 1590 524 1609 non
553 1579 589 1609 sit
615 1579 818 1610 extrinsecum
850 1580 1039 1611 intervallum
1055 1594 1062 1615 ;
1092 1582 1143 1611 sed
1173 1590 1205 1612 ut

368 1623 515 1652 successio
541 1622 683 1664 quzedzun
711 1623 739 1653 in
767 1623 868 1654 anima
894 1624 924 1653 in
947 1624 1011 1665 ipsa
1038 1625 1203 1655 formarum

369 1665 555 1695 discursione
578 1666 735 1696 antecedat
752 1666 868 1707 origine
883 1667 990 1697 mundi
1008 1676 1123 1697 motum
1140 1680 1144 1698 ε
1172 1676 1203 1699 ut

369 1708 416 1738 hie
433 1708 470 1739 sit
487 1717 587 1739 motus
603 1709 641 1739 ab
659 1709 718 1746 illo,
736 1717 828 1750 atque
845 1710 893 1740 ille
909 1710 946 1740 sit
962 1711 1098 1741 seculum
1124 1723 1205 1741 secu-

369 1752 477 1782 lorum.
524 1751 620 1782 Mitto
641 1763 721 1782 nune
741 1753 912 1794 opinionem
932 1754 1091 1789 Heracliti,
1109 1754 1206 1795 quod-

369 1794 439 1825 libet
458 1794 564 1825 mundi
580 1806 691 1836 eorpus
709 1795 798 1825 etiam
821 1798 1009 1837 sphzerarum
1035 1797 1205 1827 stellarum-

368 1850 428 1879 que
444 1838 566 1868 effluere
589 1849 707 1880 semper
725 1846 817 1880 atque
841 1839 988 1873 refluere;
1014 1839 1143 1881 ideoque
1161 1840 1205 1870 vel

369 1881 515 1917 desinere,
534 1880 578 1911 vel
603 1889 753 1923 perpetuo
775 1882 930 1912 renovari:
956 1882 1039 1924 quod
1064 1892 1093 1913 et
1118 1883 1206 1914 Plato

369 1924 478 1965 tetigit,
493 1924 545 1954 ubi
562 1924 712 1954 mundum
728 1925 768 1955 ait
782 1925 844 1955 fieri
859 1925 982 1966 quidem
1001 1938 1129 1968 semper,
1142 1939 1205 1957 esse

370 1978 545 2008 nunquam:
570 1975 600 1997 et
625 1967 765 1998 Plotinus
789 1967 847 2004 hie,
871 1977 901 1998 ei.
928 1969 1077 1998 Proculus
1100 1969 1128 1999 in
1154 1970 1205 2000 Ti-

368 2021 456 2040 ina-o:
481 2009 564 2051 quod
581 2017 611 2040 et
628 2010 758 2040 Plethon
777 2022 835 2040 non
853 2020 943 2051 negat
958 2024 1021 2041 esse
1036 2012 1202 2053 probabile,

369 2064 483 2094 nosque
505 2053 583 2083 idem
601 2053 630 2083 in
649 2053 820 2094 Theologia
836 2054 898 2084 lieri
916 2066 1002 2096 posse
1026 2055 1202 2097 probamus.

370 2095 497 2132 Quodsi
514 2096 555 2126 ita
571 2096 745 2126 universum
771 2097 877 2127 muudi
896 2109 1006 2139 corpus
1030 2098 1102 2128 fluat
1128 2110 1203 2128 scm-

369 2149 423 2179 per
449 2147 478 2168 et
503 2139 622 2175 refluat,
646 2139 754 2169 anima·
781 2152 852 2169 vero
879 2141 1047 2171 substantia
1072 2150 1201 2180 maneat,

369 2192 428 2210 uon
446 2182 594 2212 immerito
617 2182 657 2212 sie
680 2194 804 2224 quoque
827 2184 927 2213 anima
950 2192 1096 2225 tempore,
1113 2196 1202 2223 geue-

368 2223 544 2265 rationetpie
566 2225 649 2266 prior
664 2226 720 2255 erit
744 2237 822 2256 novo
845 2227 982 2267 quolibet
1008 2227 1112 2257 mundi
1137 2239 1202 2257 cor-

369 2278 452 2307 pore,
476 2267 497 2296 si
525 2268 659 2298 mundus
682 2280 800 2310 semper
826 2269 877 2300 fiat
903 2281 938 2299 ex
966 2278 1067 2300 vetere
1094 2282 1201 2301 novus.

369 2309 452 2339 Hinc
468 2309 546 2340 forte
562 2311 716 2352 Propheta
733 2321 761 2342 et
780 2312 977 2353 Evangelista
993 2313 1082 2343 dicit:
1102 2318 1121 2331 ⁵²
1132 2313 1201 2344 Vidi

367 2352 474 2382 caelum
501 2364 612 2383 novum
637 2362 663 2384 et
691 2362 800 2384 terram
825 2357 963 2385 novamf'
1003 2357 1081 2386 Item
1099 2357 1202 2386 Evan-

367 2395 486 2437 gelista:
503 2396 667 2426 “mundus
679 2397 802 2438 quidem
818 2399 952 2429 transit?
969 2399 1028 2429 Sed
1043 2399 1201 2429 redeamus

362 2439 426 2479 jam
443 2438 481 2468 ad
500 2437 668 2468 Plotinum.
711 2441 791 2470 Cum
808 2441 912 2471 eadem
931 2441 967 2471 sit
984 2441 1012 2471 in
1029 2442 1112 2479 caelo,
1130 2454 1201 2483 quae

367 2488 397 2511 et
420 2480 477 2511 sub
496 2480 570 2510 caelo
586 2481 721 2518 materia,
738 2483 846 2523 quaerit
866 2484 1006 2514 Plotinus
1022 2493 1125 2515 utrum
1142 2497 1200 2515 eze-

367 2523 452 2554 lestia
475 2523 553 2554 sicut
576 2531 605 2553 et
628 2523 685 2553 alia
708 2533 931 2566 permutentur,
949 2539 982 2557 ac
1003 2528 1115 2569 species
1130 2528 1199 2569 qui-

367 2567 435 2597 dem
453 2566 580 2607 spliaerae
593 2566 747 2608 stellaeque
760 2568 921 2608 cujuslibet
939 2581 1056 2611 semper
1068 2579 1198 2607 maneat,

366 2610 440 2640 (lum
457 2609 617 2651 singularis
631 2610 782 2651 cujusque
798 2618 906 2641 natura
923 2620 1113 2652 permutetur
1125 2625 1199 2655 pau-

366 2652 461 2689 latim,
477 2660 505 2682 et
522 2651 750 2693 quodammodo
765 2661 937 2685 renovetur.
954 2655 1039 2694 quasi
1057 2656 1131 2686 sicut
1153 2669 1200 2686 ac-

366 2695 439 2726 cidit
461 2695 539 2725 infra
563 2695 691 2725 lunam?
725 2695 776 2725 Ad
795 2695 858 2725 lnce
876 2696 983 2737 siquis
1005 2699 1197 2739 respondeat,

367 2738 541 2769 universum
558 2738 597 2769 ob
612 2738 643 2768 id
659 2750 722 2768 csse
738 2747 932 2780 perpetuum,
946 2740 1030 2780 quod
1047 2752 1145 2782 neque
1161 2753 1197 2772 ex

821 194 1245 235 ARGUMENTUM
1276 194 1508 234 MARSIL.
1542 194 1644 234 FIC.

1250 304 1286 323 eo
1300 293 1466 334 quicquam
1482 292 1615 330 effluere,
1632 303 1732 334 neque
1747 291 1874 322 influere
1896 293 2000 334 possit,
2016 305 2085 325 cum

1251 336 1298 372 sit,
1315 347 1384 366 cum
1406 335 1508 366 omnia
1529 335 1766 377 complectatur:
1790 335 1825 372 is,
1842 346 1938 377 quare
1960 336 2087 377 sphaerae

1251 378 1397 420 quaelibet
1414 386 1443 409 et
1459 378 1553 409 stellae
1570 379 1761 420 sempiternae
1777 378 1847 414 sint,
1862 377 1999 409 nondum
2017 380 2088 410 satis

1251 421 1417 452 invenerit:
1449 433 1510 451 non
1532 421 1612 452 enim
1635 421 1754 463 sphaera
1779 427 1809 451 et
1834 420 1919 451 stella
1941 421 2087 462 quaelibet

1252 464 1354 494 omnia
1379 464 1531 494 continet:
1567 464 1619 495 sed
1648 476 1746 506 neque
1772 463 1863 494 etiam
1891 464 2088 496 sufficientem

1253 506 1453 536 aeternitatem
1469 507 1524 536 toti
1540 507 1657 537 mundo
1672 507 1840 538 tradiderit.
1873 507 1990 537 Poterit
2007 508 2086 539 enim

1252 549 1353 578 forsan
1370 548 1473 579 adhuc
1488 549 1633 587 mundus,
1643 550 1697 580 etsi
1710 561 1770 580 non
1783 557 1880 586 extra,
1892 557 1992 580 tamen
2008 550 2088 582 intra

1253 603 1283 621 se
1298 591 1375 621 adeo
1390 592 1583 629 commutari,
1601 600 1645 629 ut,
1659 593 1745 634 quasi
1768 592 1943 623 animalium
1967 601 2086 625 nostro-

1253 645 1321 664 rum
1337 645 1431 672 more,
1449 634 1632 676 singularem
1656 647 1736 677 saepe
1758 635 1957 666 substantiam
1977 644 2087 675 mutet,

1253 677 1328 707 dum
1345 685 1446 707 tamen
1463 677 1569 718 speciei
1587 689 1650 708 suae
1665 685 1804 708 naturam
1828 678 1956 709 retineat
1979 680 2088 722 sempi-

1253 727 1378 750 ternam.
1404 720 1548 762 Denique
1561 720 1713 751 dubitatio
1729 728 1837 751 restat:
1856 728 1961 751 utrum
1978 721 2025 752 vel
2041 730 2086 753 to-

1253 770 1319 793 tum
1335 763 1403 799 hoc,
1419 763 1467 793 vel
1482 763 1587 794 saltem
1603 763 1721 794 caeleste
1742 763 1859 805 aliquid
1875 764 1911 794 sit
1929 764 2087 806 sempiter-

1252 816 1343 836 num:
1365 813 1395 836 et
1411 818 1503 848 quani
1520 806 1560 837 ob
1576 818 1714 837 eausam:
1741 813 1771 836 et
1793 818 1849 837 cur
1871 806 1900 837 in
1925 806 2000 838 caelo
2022 819 2088 850 spe—

1252 848 1311 879 cies
1334 849 1422 879 simul
1438 857 1468 879 et
1484 849 1695 880 individuum:
1722 849 1779 879 sub
1795 849 1868 880 caelo
1884 857 1988 880 autem
2009 850 2087 882 dun-

1253 899 1337 922 taxat
1359 892 1472 934 species
1490 892 1555 934 ipsa
1578 900 1708 929 maneat,
1725 892 1799 922 dum
1824 891 1943 934 singula
1965 904 2088 935 permu—

1253 942 1367 965 tantur.

1252 1022 1350 1048 Anium
1366 1023 1467 1058 quidem
1485 1032 1564 1049 causa
1580 1026 1626 1054 est,
1644 1027 1672 1049 ut
1688 1023 1778 1049 crelam
1793 1023 1826 1048 sit
1843 1023 2011 1049 immortale:
2034 1032 2084 1050 σιε-

1380 1063 1433 1089 lum
1450 1072 1509 1089 cero
1524 1064 1559 1089 ad
1575 1063 1623 1089 hoc
1637 1064 1731 1089 ‹mimae
1747 1072 1798 1089 non
1814 1067 1955 1098 repugnat.

1295 1109 1343 1139 ΙΙ.
1370 1110 1406 1139 In
1432 1109 1565 1139 secundo
1579 1110 1682 1151 itaque
1697 1109 1795 1151 capite
1811 1109 1933 1140 dubitat
1946 1109 2026 1140 idem
2043 1110 2086 1141 in-

1251 1163 1347 1182 nuens
1372 1152 1498 1193 ubique,
1523 1152 1712 1183 mundanum
1741 1151 1815 1182 nihil
1843 1160 1951 1194 suapte
1976 1160 2086 1184 natura

1250 1203 1434 1236 perpetuum
1458 1206 1545 1237 posse
1567 1207 1708 1226 manere:
1734 1203 1769 1225 ut
1786 1195 1967 1233 memineris,
1984 1196 2085 1227 omnia

1251 1238 1315 1267 lure
1340 1237 1463 1268 aliunde
1487 1238 1562 1275 fieri,
1587 1246 1679 1279 atque
1703 1237 1823 1268 servari.
1869 1238 1958 1276 Quod
1982 1246 2085 1270 autem

1253 1280 1444 1322 Peripatetici
1476 1281 1593 1318 dicunt,
1620 1280 1838 1322 sempiternum
1867 1292 1930 1311 esse
1960 1281 2083 1318 caelum,

1250 1323 1323 1365 quia
1338 1323 1375 1354 sit
1390 1324 1531 1365 quintum
1549 1335 1659 1366 corpus
1682 1331 1793 1366 przeter
1808 1332 1941 1365 quatuor
1957 1323 2086 1355 elemen-

1252 1375 1292 1404 ta,
1309 1366 1357 1397 liic
1374 1367 1509 1408 purtem
1525 1367 1721 1408 negligenter.
1751 1368 1800 1397 Eo
1817 1367 1896 1397 enim
1912 1366 1989 1408 ipso,
2000 1367 2085 1409 quod

1251 1421 1362 1451 corpus
1385 1418 1440 1446 est,
1457 1421 1526 1440 cum
1551 1421 1650 1452 neque
1672 1422 1726 1451 per
1742 1421 1772 1439 se
1793 1409 1891 1451 ipsum
1911 1409 2085 1452 simpliciter

1251 1452 1299 1486 sit,
1316 1461 1397 1483 certe
1420 1464 1519 1494 neque
1539 1461 1582 1483 est
1606 1465 1660 1495 per
1676 1466 1706 1483 se
1725 1453 1823 1493 ipsum
1847 1464 1983 1494 semper:
2008 1465 2086 1495 prae-

1251 1495 1352 1526 sertim
1369 1507 1438 1526 cum
1456 1508 1510 1526 sua
1531 1496 1568 1526 sit
1589 1504 1698 1526 natura
1713 1495 1887 1532 dividuum,
1903 1503 1997 1538 atque
2019 1507 2086 1527 mu-

1251 1538 1350 1568 tabile.
1402 1539 1544 1580 Denique
1573 1539 1722 1579 significat
1752 1538 1986 1570 immortalitatis
2014 1539 2085 1570 vitae

1249 1593 1372 1611 causam
1389 1593 1452 1612 esse
1471 1582 1546 1612 ciclo
1561 1582 1691 1612 animam
1714 1582 1821 1624 ipsam,
1837 1593 1908 1623 quae
1923 1589 1952 1612 ct
1969 1581 2085 1624 simpli-

1248 1624 1322 1654 citer
1342 1632 1386 1654 est
1409 1625 1479 1655 vitze
1501 1637 1609 1655 causa:
1635 1625 1686 1655 sed
1710 1625 1748 1655 ad
1772 1624 1973 1655 immortalem
1990 1625 2083 1656 vitam

1249 1668 1302 1697 etsi
1321 1679 1379 1697 non
1396 1668 1594 1704 efficiendam,
1608 1668 1713 1698 saltem
1729 1667 1950 1709 suscipiendam
1966 1667 2084 1699 caeleste

1249 1722 1360 1752 eorpus
1385 1720 1413 1741 et
1440 1711 1614 1741 universum
1639 1723 1702 1741 esse
1729 1710 1907 1741 naturaliter
1932 1722 2084 1753 praepara-

1251 1761 1335 1783 tum:
1360 1762 1411 1783 aut
1440 1754 1555 1790 saltem,
1581 1766 1644 1795 quo
1667 1754 1767 1784 miuus
1793 1753 1932 1795 accipiat,
1960 1753 2083 1785 minime

1251 1807 1433 1838 repugnare.

1253 1884 1344 1910 Causa*
1360 1884 1453 1919 quibus
1468 1885 1580 1910 numidas
1594 1886 1627 1910 sit
1643 1885 1830 1919 sempiternus:
1846 1888 1927 1920 alque
1941 1885 2081 1912 elemento-

1481 1933 1537 1950 rum
1554 1929 1669 1960 ‘simliter
1684 1925 1843 1951 distributio.

1294 1972 1363 2001 III.
1389 1971 1448 2001 Sed
1476 1971 1505 2000 in
1533 1971 1621 2002 tertio
1647 1972 1769 2013 (puerit,
1794 1971 1949 2013 quomodo
1972 1983 2083 2014 corpus

1249 2013 1305 2043 hoc
1320 2014 1469 2045 conducat
1493 2014 1531 2044 ad
1556 2022 1679 2051 statum,
1695 2014 1779 2056 quod
1803 2014 1981 2045 naturaliter
1997 2014 2080 2046 incli-

1247 2065 1339 2086 natur
1361 2057 1398 2087 ad
1424 2059 1565 2087 motum?
1592 2057 1767 2099 Respondet
1795 2065 1909 2094 autem,
1925 2057 1998 2099 quia
2019 2068 2079 2088 non

1247 2106 1333 2129 extra
1349 2100 1484 2141 profluit,
1499 2100 1549 2130 sed
1568 2100 1666 2131 refluit
1679 2100 1766 2130 intro.
1793 2100 1913 2130 Idcirco
1924 2107 2080 2142 perpetuae

1247 2142 1276 2172 in
1293 2143 1441 2184 ejusmodi
1466 2152 1549 2173 motu
1574 2143 1805 2185 perseverantiae
1828 2154 1888 2173 non
1911 2154 2081 2185 repugnare

1246 2186 1383 2227 quidem,
1400 2186 1460 2215 imo
1475 2186 1655 2216 conducere.
1697 2186 1788 2223 Quod
1805 2186 1828 2216 si
1844 2185 2003 2227 quodlibet
2017 2186 2080 2216 ani-

1246 2228 1315 2265 mal,
1333 2229 1480 2270 quamdiu
1499 2229 1583 2266 vivit,
1600 2229 1712 2259 dicitur
1727 2240 1790 2259 esse
1811 2229 1902 2265 idem,
1919 2235 2079 2271 propterea

1245 2272 1329 2313 quod
1353 2272 1410 2301 sub
1431 2272 1534 2302 eadem
1559 2272 1659 2302 anima
1682 2273 1776 2302 ferme
1799 2271 1902 2302 similis
1924 2278 2033 2302 natura
2048 2279 2078 2302 et

1246 2316 1345 2354 ligura
1368 2323 1515 2350 servatur,v
1541 2315 1681 2356 quamvis
1707 2315 1777 2345 inde
1801 2314 1938 2356 quotidie
1959 2314 2011 2344 fiat
2036 2314 2079 2344 ef-

1246 2354 1359 2395 fluxus,
1376 2358 1472 2387 multo
1488 2358 1584 2398 magis
1598 2366 1627 2388 et
1644 2357 1778 2388 mundus
1800 2368 1975 2400 permanere
1996 2356 2076 2387 idem

1246 2400 1276 2430 in
1302 2401 1471 2431 substantia
1497 2401 1555 2431 dici
1582 2409 1691 2443 potest,
1716 2400 1863 2442 quamdiu
1890 2399 1947 2430 sub
1972 2399 2077 2430 eadem

1245 2444 1345 2474 anima
1366 2445 1465 2485 figura
1487 2444 1592 2474 eadem
1618 2451 1800 2485 perseverat,
1817 2454 1886 2474 cum
1909 2441 1981 2472 nihil
2006 2454 2075 2483 pro—

1246 2486 1319 2517 fluat
1332 2495 1431 2517 extra:
1449 2486 1538 2517 etiam
1556 2487 1660 2528 siquis
1670 2487 1765 2527 fingat
1777 2486 1807 2516 in
1820 2484 1953 2527 qualibet
1969 2485 2077 2515 mundi

1245 2537 1330 2571 parte
1346 2529 1459 2560 effluxu
1475 2529 1603 2559 vicissim
1627 2537 1719 2570 atque
1742 2528 1860 2559 refluxu
1877 2527 2076 2558 substantiam

1244 2572 1397 2614 propriam
1414 2572 1609 2603 commutari:
1637 2572 1710 2602 dum
1728 2571 1863 2601 videlicet
1879 2581 1977 2611 neque
1993 2570 2077 2610 quic-

1244 2626 1335 2656 quam
1359 2623 1446 2645 extra
1469 2623 1565 2645 totum
1590 2615 1668 2651 fluit,
1693 2625 1791 2655 neque
1812 2612 1912 2642 influit
1933 2612 2073 2644 aliunde:

1245 2658 1285 2688 sic
1309 2670 1381 2699 ergo
1407 2665 1506 2688 totum
1531 2658 1637 2688 mundi
1665 2668 1774 2698 corpus
1797 2655 1835 2685 ad
1861 2655 2073 2702 sempiternam

1244 2698 1496 2742 perseverantiam
1523 2700 1659 2731 conferre
1686 2699 1816 2728 videtur.
1864 2697 2013 2746 Vldentur
2035 2699 2074 2730 ad

1242 2743 1369 2774 eandem
1396 2752 1497 2785 partes
1523 2754 1646 2784 quoque
1669 2741 1845 2771 conducere.
1893 2741 1973 2771 Nam
1999 2753 2073 2783 ipsae
