2201 2990
614 118 770 150 VITAM
793 117 1021 149 AUCTORE
1047 116 1337 148 PORPHYRIO.
1369 127 1398 158 p.
1415 116 1488 146 lxxi.
1505 116 1592 146 lxxii.

1901 125 1980 145 CXXV

230 206 319 238 affert
334 205 433 237 locum
449 204 613 236 Themistii
630 215 658 246 p.
673 213 744 244 294.
760 202 809 233 ed.
822 202 922 233 Hard.
940 201 1072 243 Longini
1090 201 1117 229 A
1136 201 1359 231 ιεΕἰοειιιίίοηὶι»ὶ
1374 201 1542 242 elegantia,
1555 207 1588 231 ut
1604 206 1684 230 recte
1696 199 1843 230 Tolliusff'
1853 201 1978 231 Fabric.

230 265 334 289 autem
348 257 413 288 haec
425 255 647 298 elegantissima
660 254 742 285 dicit.
769 254 822 284 Tu
833 253 872 284 cf.
884 254 1071 284 Commentt.

231 308 397 340 Herodott.
414 314 532 338 nostras
549 307 575 336 I.
593 318 623 348 p.
637 307 688 347 65.
704 317 750 347 sq.
768 305 820 336 ubi
838 304 899 335 vim
916 304 1072 347 propriam

229 359 432 400 tralatamque
447 357 610 388 verborum
630 357 814 396 θησαυρίζειν
829 364 860 387 et
875 357 1071 395 ἀποθησαυρί-

228 416 287 448 ζειν
301 409 452 440 illustrare
468 408 617 450 exemplis
632 407 824 450 apponendis
846 407 963 444 studui,
979 407 1009 437 in
1027 407 1074 437 his

229 459 437 503 Theophrasti
462 470 512 501 ap.
538 459 656 490 Athen.
682 459 770 502 Epit.
796 459 846 489 II.
872 459 920 489 28.
948 470 979 500 p.
1002 468 1073 498 272.

229 510 400 553 Schweigh.
418 510 457 541 de
472 510 613 541 caulibus
635 510 729 541 caeti:
756 510 803 541 καὶ
826 510 1072 550 ἀποθησαυρίζου-

227 575 277 594 σιν
292 563 394 595 αὐτοὺς
410 563 443 593 ἐν
458 562 545 601 ἅλμῃ,
563 573 634 604 quae
650 562 744 592 verba
759 561 907 603 quoniam
928 561 958 591 in
980 561 1073 591 latina
1092 564 1116 591 B

227 613 365 645 versione
379 613 571 651 exciderunt,
584 613 678 644 latina
694 613 820 644 addam:
838 620 869 644 et
883 612 913 643 in
930 613 1072 643 futurum

227 675 318 696 usum
334 676 385 695 eos
401 672 554 707 reponunt
570 664 600 695 in
617 665 727 695 muria.
773 664 870 695 Plura
885 664 972 695 dabit
989 665 1073 695 Len-

227 727 298 758 nep.
322 715 361 746 ad
387 715 509 747 I'halar.
537 716 638 759 Epist.
666 717 791 747 XXII.
817 728 849 758 p.
870 726 947 746 110:
980 728 1073 758 quem

226 767 321 798 miror
342 778 401 797 non
422 767 595 798 adhibitum
618 780 682 799 esse
704 780 722 798 a
737 768 971 810 diligentissimo
993 776 1073 798 cete-

226 818 316 861 roqui
338 819 459 849 Jacobo
481 819 519 849 ad
545 819 678 850 Luciani
696 819 868 850 Alexandr.
884 831 912 850 c.
927 820 1075 850 XXIII.

228 880 322 913 p.49.
340 877 371 901 et
387 871 539 901 Wetsten.
563 870 593 901 in
619 872 658 902 N.
677 872 720 901 Τ.
745 871 783 901 ad
812 881 824 901 1
844 871 930 901 Tim.
950 871 1006 902 VI.
1027 881 1072 912 19.

229 921 327 953 Addo
352 921 464 953 Iambl.
491 922 521 952 in
550 923 706 965 Protrept.
732 923 814 953 XX.
839 934 870 964 p.
892 932 976 964 300:
1007 922 1075 953 τάτε
1095 928 1117 955 C

228 973 362 1015 χρήματα
383 973 416 1005 δι’
435 975 574 1005 ἀπιστίαν
592 975 638 1005 καὶ
660 975 777 1013 ἀμιξίαν
800 975 1074 1014 ἀποθησαυρίζουσι,

229 1025 295 1057 ἀλλ’
309 1026 342 1056 οὐ
359 1028 531 1056 κοινοῦνται.
559 1027 609 1056 Ita
623 1026 700 1057 Cod.
716 1027 848 1057 Memm.
866 1025 896 1056 in
910 1025 1076 1068 Excerptis

229 1077 350 1115 nostris,
368 1077 412 1108 uti
434 1077 566 1108 correxit
583 1077 749 1120 Kiessling.
768 1080 914 1108 κινοῦνται
934 1077 981 1108 ed.
1000 1078 1074 1108 Arc.

229 1135 260 1160 et
275 1130 420 1160 οἰκοῦνται
437 1129 515 1160 Cod.
535 1129 599 1160 Ciz.
635 1129 723 1160 Idem
740 1129 943 1171 philosophus
958 1128 996 1159 (le
1014 1128 1075 1159 Vit.

231 1180 367 1222 Pythag.
392 1181 535 1211 XXIX.
560 1192 590 1222 p.
611 1189 678 1221 137.
702 1181 815 1211 Kust.:
842 1179 1020 1220 Πυθαγόρας
1042 1182 1078 1210 τὰ

230 1234 281 1270 τῆς
301 1233 439 1271 ἀληθείας
459 1232 615 1271 ἐνέκρυπτε
636 1233 750 1272 ζώπυρα
767 1232 823 1270 (cf.
840 1231 996 1274 Porpliyr.
1015 1231 1076 1262 Vit.

232 1282 328 1325 Pyth.
347 1284 436 1323 §.57
458 1290 488 1314 et
506 1283 670 1325 VVyttenb.
687 1283 726 1314 ad
746 1283 831 1314 Plut.
850 1295 881 1325 p.
896 1284 1000 1323 1214.)
1019 1285 1078 1314 τοῖς
1096 1291 1121 1318 D
1140 1281 1192 1311 fin.
1218 1292 1247 1322 p.
1269 1290 1338 1321 123-

231 1335 401 1373 δυναμένοις
427 1335 610 1365 ἐναύσασθαι
637 1335 694 1375 (ita
719 1346 824 1365 omnes
850 1334 941 1365 codd.
969 1333 1076 1364 nostri.

232 1386 299 1417 Ciz.
327 1387 528 1423 ἀναύσασθαι)
560 1387 749 1427 βραχυλογίᾳ
780 1388 930 1428 (quatuor
959 1385 1017 1416 mei
1047 1392 1078 1415 et

232 1437 300 1468 Ciz.
323 1437 541 1478 βραχυολογίᾳ)
564 1437 620 1467 τινὶ
644 1438 884 1476 ἀποθησαυρίζων
906 1437 963 1476 (ita
986 1436 1076 1467 etiam

231 1491 352 1525 Arcen,
378 1488 430 1518 sed
455 1487 547 1518 Paris.
567 1489 850 1528 ε’ναποθησαυρίζων.
898 1489 1028 1518 Memm.
1046 1489 1078 1518 ἐν

530 1539 663 1570 Vindob.
689 1547 719 1570 et
745 1541 887 1570 Monacc.
913 1540 1015 1570 AB:
1046 1540 1078 1570 ἐν

231 1592 478 1631 ἁποθησαυρίζων.
504 1590 674 1621 Parisinam
688 1591 848 1622 lectionem
862 1598 943 1622 recte
955 1598 1078 1621 secutus

231 1541 484 1580 ἆποθησαυρίζειν.

1136 253 1190 282 Tu
1207 252 1248 282 cf.
1268 252 1294 282 I.
1307 252 1345 282 C.
1358 252 1400 281 T.
1413 251 1537 281 Ernesti
1551 250 1687 281 Lexicon
1701 251 1848 281 Technol.
1860 252 1979 282 Graecc.

1135 303 1230 334 Rliet.
1247 314 1278 345 p.
1295 312 1363 342 174.

1135 367 1211 387 σεως
1235 358 1255 372 “
1272 353 1321 384 alii
1344 352 1525 391 συντάξεως”
1542 353 1667 383 Fabric.

1410 303 1507 332 Mox:
1532 301 1549 340 ἢ
1569 304 1618 339 τῆς
1639 302 1670 332 ἐν
1686 303 1719 339 τῇ
1741 303 1853 342 διανοίᾳ
1874 302 1977 332 συνθέ-

1719 356 1741 370 “
1760 353 1855 382 Hunc
1879 352 1978 382 locum

1135 417 1294 448 perperam
1313 405 1515 435 sollicitarunt
1528 403 1583 434 viri
1596 402 1772 433 doctissimi.
1798 403 1847 432 Ita
1862 403 1982 433 locutus

1135 464 1180 488 est
1196 457 1337 488 Erotian.
1359 456 1389 486 in
1414 467 1542 498 prooem.
1560 454 1598 485 ad
1619 454 1693 484 Lex.
1712 453 1897 495 Ilippocrat.
1914 453 1980 492 Ἐξ-

1136 511 1320 539 απλωθεῖσαι
1343 509 1373 538 δὲ
1399 508 1444 538 καὶ
1468 508 1515 537 ἐπὶ
1535 506 1567 537 τὸ
1592 504 1829 545 τηλαυγέστερον
1846 505 1982 544 ἀχθεῖσαι

1136 560 1212 591 πολὺ
1228 559 1404 599 παρέξονται
1423 562 1486 598 φῶς
1506 558 1576 598 πρὸς
1595 557 1628 587 τὸ
1648 555 1872 596 εὐχατάληπτον
1888 558 1937 593 τῆς
1952 557 1984 586 ἐν

1136 614 1170 650 τῇ
1198 611 1311 651 διανοίᾳ
1337 610 1514 642 συνθέσεως.
1570 610 1648 646 Quae
1676 607 1770 637 verba
1795 605 1903 636 sedulo
1929 617 1982 635 no-

1137 662 1263 693 tanda.⁷'
1292 663 1394 704 Toup.

1136 714 1216 752 λέξει
1240 712 1407 745 συνθέσεως
1429 720 1459 743 et
1482 715 1532 750 τῆς
1556 713 1588 742 ἐν
1603 713 1636 750 τῇ
1660 711 1773 752 διανοίᾳ
1797 711 1983 747 κατασκευῆς.

1456 660 1601 691 l'earcius
1626 659 1790 689 voluerat:
1824 660 1873 696 τῆς
1897 659 1929 688 ἐν
1951 659 1984 695 τῇ

1138 766 1250 807 Neque
1266 772 1367 795 tamen
1386 763 1481 794 Tullii
1497 764 1704 805 conjecturam
1725 774 1789 792 esse
1810 760 1983 798 συντάξεως,

1138 825 1173 847 ut
1183 815 1344 847 Weiskius
1362 815 1546 857 suspicatur,
1559 822 1697 856 arguunt
1709 813 1798 844 codd.
1812 812 1920 849 nostri,
1931 811 1985 853 qui

1138 879 1191 899 sex
1209 879 1337 898 numero
1352 867 1479 898 eandem
1497 866 1657 898 lectionem
1674 866 1817 896 offerunt.
1857 865 1985 894 Mutare

1139 927 1240 950 tamen
1257 918 1424 950 noluimus.
1457 919 1510 949 Cr.

1174 983 1203 1013 p.
1218 970 1304 1002 lxxii.
1320 976 1343 1001 ς.
1369 972 1408 1003 εἷς
1423 971 1476 1009 τὴν
1491 973 1542 1001 τοῦ
1557 969 1649 1010 λόγου
1666 968 1853 1009 διάρθρωσιν]
1875 972 1896 986 “
1908 968 1987 998 Rec-

1139 1022 1200 1053 tius
1217 1022 1356 1052 Tollius:
1381 1023 1423 1052 acl
1437 1022 1614 1052 ‹lis—timtam
1635 1020 1840 1063 plcilosophioe
1860 1020 1988 1061 (logma-

1138 1079 1203 1104 tnm
1219 1073 1489 1116 ffl'plicatiom’in.'’
1515 1074 1640 1103 Fahrie.
1689 1077 1708 1090 “
1724 1073 1804 1102 Haec
1820 1078 1876 1109 cst,
1892 1082 1986 1112 quam

1138 1133 1247 1156 auctor
1278 1126 1307 1166 ξ.
1330 1137 1392 1167 seq.
1426 1123 1618 1164 σαφεστέραν
1649 1124 1787 1164 ἐξήγησιν
1816 1122 1986 1165 appellat.’'

1139 1178 1263 1208 Morus.
1311 1178 1360 1207 Cf.
1371 1177 1496 1207 Jacobs.
1514 1176 1554 1206 ad
1572 1176 1716 1206 Pliilostr.
1732 1176 1854 1216 Imagg.
1871 1186 1900 1216 p.
1913 1174 1986 1213 581.

1140 1238 1170 1260 et
1183 1240 1276 1271 supra
1289 1240 1306 1259 a
1319 1240 1367 1259 me
1380 1228 1462 1259 dicta
1473 1227 1512 1258 ad
1525 1239 1629 1257 vocem
1644 1229 1798 1266 διαρθροῦν
1811 1238 1835 1257 c.
1849 1226 1985 1256 XVIII.

1386 1281 1464 1310 lilox
1479 1291 1485 1309 :
1519 1280 1547 1309 οἱ
1572 1276 1879 1315 διε-ἀποδειξάμενοι
1905 1276 1986 1316 (Fic.

1140 1331 1289 1373 expressit
1306 1331 1526 1369 ἀποδεξάμενοι,
1539 1337 1660 1360 vertens
1676 1330 1846 1371 eltgerzml.
1864 1330 1902 1359 cf.
1915 1330 1987 1359 Var.

1141 1382 1484 1424 Lect.)—-)<pvyo*cinffzr0i
1500 1395 1506 1412 ε
1546 1385 1565 1400 “
1583 1381 1644 1419 Qui
1672 1393 1744 1411 vero
1769 1392 1883 1417 rerum,
1911 1392 1988 1423 quas

1141 1442 1324 1472 tractarunt,
1343 1434 1542 1465 multitudine
1561 1433 1698 1464 studium
1721 1432 1872 1463 scribendi
1888 1440 1989 1463 osten-

1140 1487 1265 1524 derunt,
1282 1494 1312 1517 et
1330 1486 1453 1528 propria
1469 1485 1542 1527 ipsis
1558 1485 1603 1515 usi
1622 1492 1692 1515 sunt
1709 1484 1854 1514 rationes*
1876 1485 1986 1514 chislr.

1141 1539 1237 1569 Mox:
1263 1539 1278 1568 ὁ
1294 1539 1349 1576 μὲν
1364 1540 1416 1570 τὰς
1432 1537 1650 1576 Πυθαγορείους
1667 1536 1721 1575 (cf.
1735 1537 1804 1566 Var.
1818 1536 1920 1576 Lect.)
1939 1537 1988 1575 ἀρ-

1139 1587 1195 1630 χῖῑς
1211 1591 1257 1620 καὶ
1273 1587 1787 1626 Πλατωνικέις-καταστησάμενοςῑ
1813 1590 1985 1624 “Quorum

231 1652 275 1676 est
292 1642 456 1684 Kiessling.
482 1653 513 1684 p.
530 1644 620 1683 342.)
646 1643 867 1682 ἀπερίβλεπτον
893 1643 949 1683 (ita
972 1653 1077 1672 omnes
1097 1647 1120 1674 E
1140 1640 1190 1671 ille
1206 1640 1357 1683 principia
1375 1640 1579 1683 Pythagorica
1594 1647 1624 1670 et
1638 1639 1797 1670 Platonica
1810 1639 1987 1676 dilucidius,

232 1695 309 1727 mei:
337 1694 442 1725 nullus
465 1694 677 1734 ἀπερίληπτον)
705 1695 751 1724 καὶ
773 1696 933 1733 παμπληθῆ
957 1694 1078 1733 θεωρίας

233 1747 362 1779 ἔκτασιν.
412 1744 581 1782 Weiskius,
605 1753 805 1787 posteaquam
828 1745 935 1783 Tollii,
961 1745 1078 1776 Pearcii

234 1798 381 1840 Morique
410 1797 504 1839 hujus
533 1796 590 1827 loci
616 1796 769 1827 versiones
800 1796 1010 1839 reprehendit,
1037 1796 1079 1826 ita

234 1850 355 1892 pergit:
389 1853 409 1867 “
426 1847 481 1878 Ad
506 1848 636 1878 verbum
661 1847 756 1889 igitur
780 1847 831 1878 illa
856 1848 897 1879 sic
922 1847 1079 1878 reddenda

233 1909 322 1932 sunt:
346 1911 415 1931 cum
429 1911 491 1930 non
507 1904 654 1930 curarent
671 1901 703 1930 in
718 1901 847 1942 scriptis
869 1901 997 1941 majoris
1017 1911 1079 1930 mo-

234 1953 328 1983 menti
342 1963 431 1982 suam
448 1951 575 1981 condere
590 1956 618 1981 ct
635 1962 780 1993 reponere
796 1952 979 1982 doctrinam.
1013 1952 1067 1982 Cr.

277 2014 307 2045 p.
323 2002 407 2033 lxxii.
423 2008 446 2033 ἃ.
472 2002 517 2032 καὶ
537 2003 949 2045 μεταγραφὴν-ἐποιήο-ατο]
979 2007 1000 2021 “
1019 2004 1078 2033 Est
1098 2003 1120 2030 F

234 2053 434 2093 μεταγράφειν
449 2064 513 2083 'rem
529 2063 566 2083 εχ
576 2053 708 2084 alterius
724 2055 802 2085 libro
814 2055 848 2084 z'n
864 2066 955 2096 sunm
972 2059 1077 2085 trans-

226 2107 334 2147 firre,
350 2115 410 2134 non
427 2116 546 2146 semper
560 2104 684 2146 quidem
703 2105 832 2136 verbum
849 2105 887 2136 de
903 2106 1008 2142 verbo,
1026 2105 1078 2136 sed

235 2155 344 2187 habitu
366 2162 397 2186 et
419 2155 510 2186 modo
533 2156 683 2186 tractandi
707 2165 835 2188 mutato.
882 2157 1021 2187 Aristeas
1044 2169 1077 2199 p.

239 2217 311 2248 233.
328 2206 375 2237 ed.
391 2205 567 2248 Dalecamp.
606 2207 654 2237 De
677 2207 803 2238 Platone
820 2207 914 2249 Diog.
935 2208 1079 2238 Laertius

237 2260 279 2290 T.
294 2259 322 2289 I.
339 2269 370 2299 p.
385 2267 453 2297 291.
470 2257 517 2288 ed.
533 2258 682 2300 Longol.:
703 2261 803 2289 πολλὰ
819 2261 876 2299 γὰρ
895 2259 1079 2299 Ἐπιχάρμου

236 2308 476 2350 προσωφέληται,
499 2311 535 2339 τὰ
559 2313 686 2340 πλεῖστα
708 2309 909 2350 μεταγράψας.
958 2311 1079 2352 Nempe

1140 1704 1232 1734 quam
1250 1693 1366 1735 priores
1379 1693 1461 1723 visus
1475 1699 1519 1723 est
1532 1692 1740 1733 explanasse.”
1753 1692 1863 1721 lVeisltz
1905 1691 1986 1721 Hinc

1141 1743 1299 1774 Plotinum
1318 1744 1347 1774 in
1366 1743 1646 1786 Pythagoricorum
1662 1743 1837 1784 catalogum
1857 1742 1986 1773 relatum

1141 1795 1281 1826 videmus
1295 1796 1326 1826 in
1343 1796 1438 1826 Fabr.
1450 1797 1487 1826 B.
1500 1796 1558 1826 Gr.
1578 1794 1644 1825 Vol.
1660 1795 1687 1824 I.
1706 1806 1736 1836 p.
1749 1795 1821 1832 864.
1838 1794 1884 1824 ed.
1898 1794 1987 1824 Harl.

1143 1847 1194 1877 ubi
1220 1847 1268 1877 hic
1292 1847 1356 1889 ipse
1380 1847 1466 1878 locus
1488 1847 1530 1878 ita
1555 1846 1717 1876 laudatur:
1753 1849 1774 1864 “
1792 1847 1841 1876 De
1865 1845 1990 1876 Plotino

1140 1899 1341 1941 Porphyrius
1357 1899 1436 1929 inter
1451 1898 1530 1929 alia⁷'
1547 1898 1677 1928 Scribere
1693 1897 1845 1928 debebat:
1870 1898 1991 1939 Longi—

1140 1961 1200 1980 mcs
1216 1950 1300 1992 apud
1318 1950 1538 1993 Porphyrium.
1582 1949 1656 1980 Alia
1672 1949 1814 1991 quaedam
1833 1961 1986 1992 apponam

1140 2001 1179 2032 ad
1195 2002 1290 2033 Fabr.
1302 2003 1337 2032 B.
1351 2003 1407 2033 Gr.
1423 2002 1490 2033 Vol.
1502 2002 1538 2032 V.
1556 2001 1585 2031 in
1603 2001 1703 2042 capite
1718 2001 1756 2031 de
1774 2000 1905 2031 Plotino.
1931 2002 1984 2032 Cr.

1180 2065 1211 2095 p.
1225 2053 1312 2083 lxxii.
1325 2053 1350 2084 (¹.
1369 2054 1446 2084 Οὐδὲ
1462 2055 1517 2094 γὰρ
1534 2053 1619 2083 οὐδὲν
1636 2054 1723 2092 ἐγγύς
1738 2054 1775 2094 τι]
1797 2052 1858 2083 Ed.
1873 2052 1984 2083 Basit:

1141 2106 1207 2135 οὐδὲ
1229 2107 1285 2145 γὰρ
1307 2105 1394 2145 ἐγγύς
1416 2118 1452 2135 τι.
1500 2104 1622 2135 Fabric.
1639 2104 1692 2141 ita,
1711 2112 1745 2134 ut
1769 2115 1822 2134 nos
1845 2104 1987 2134 dedimus

1141 2163 1170 2187 et
1186 2156 1229 2187 ita
1245 2156 1312 2186 libri
1329 2168 1433 2187 mscrr.
1454 2156 1531 2195 (vid.
1546 2157 1616 2186 Var.
1630 2156 1732 2193 Lect.)
1754 2155 1887 2192 Tollius,
1902 2156 1988 2185 Tou-

1140 2207 1211 2250 pius
1226 2215 1255 2238 et
1273 2207 1497 2250 IVyttenbacli.
1516 2207 1605 2237 scribi
1622 2206 1747 2237 volunt:
1774 2208 1839 2237 οὐδὲ
1856 2209 1911 2246 γῖιρ
1928 2207 1985 2238 οὐδ’

1142 2258 1230 2299 ἐγγύς
1245 2272 1281 2294 τι,
1298 2266 1329 2289 et
1344 2258 1426 2289 istud
1443 2259 1527 2289 οὐδὲν
1543 2270 1559 2288 e
1576 2258 1776 2288 similitudine
1800 2258 1864 2288 soni
1888 2258 1918 2288 in
1944 2270 1987 2289 se-

1141 2310 1248 2352 quenti
1275 2310 1362 2350 ἐγγὺς
1387 2318 1494 2340 natum
1520 2309 1653 2340 videtur.
1702 2309 1857 2340 &Veiskius
1885 2317 1985 2340 tamen

238 2361 399 2392 Platonem
427 2359 494 2390 vult
520 2371 566 2389 res
592 2371 630 2390 ex
655 2361 836 2402 Epicharmi
862 2361 1023 2404 disciplina
1047 2362 1078 2392 in
1097 2366 1124 2394 G
1144 2361 1278 2392 Fabricii
1296 2361 1473 2392 Lectionem
1490 2361 1627 2398 reduxit,
1644 2361 1778 2391 addens:
1806 2365 1826 2379 ‘⁶
1842 2361 1901 2391 Sed
1924 2373 1985 2391 rec-

238 2424 308 2443 suos
332 2411 425 2441 libros
449 2410 490 2440 ita
511 2410 672 2449 derivasse,
689 2420 733 2449 ut,
755 2412 863 2443 habitu
889 2420 918 2443 et
943 2414 1080 2444 oratione

239 2470 368 2498 mutata,
383 2474 433 2492 eas
448 2461 503 2491 sibi
520 2461 660 2503 proprias
675 2462 795 2494 faceret.
821 2465 929 2505 Atque
944 2464 985 2495 sic
998 2465 1082 2495 Lon-

238 2514 302 2557 gini
325 2514 410 2544 locus
430 2512 647 2553 intelligendus
669 2514 747 2543 est.''
771 2515 897 2545 illm-us.
943 2516 994 2546 Cf.
1010 2528 1082 2557 quae

239 2576 333 2607 supra
345 2564 383 2595 de
400 2564 456 2594 hoc
469 2563 563 2594 verbo
579 2563 790 2606 similibusque
802 2564 937 2595 diximus
952 2566 990 2596 ad
1005 2568 1080 2608 Cap.

241 2617 340 2647 VIII.
357 2627 388 2657 p.
406 2625 474 2654 107.
489 2614 538 2645 ed.
552 2615 645 2645 Fabr.
678 2616 733 2645 Cr.

287 2680 318 2711 p.
343 2666 427 2698 lxxii.
452 2666 477 2697 b.
509 2666 565 2697 ἀπὸ
593 2669 641 2704 τῆς
668 2667 700 2696 ἐν
724 2668 758 2704 τῇ
784 2665 865 2704 λέξει
891 2668 1083 2710 κατασκευῆς]

1143 2413 1203 2443 tius
1219 2413 1359 2443 liaberet:
1378 2413 1444 2443 οὐδὲ
1462 2414 1517 2452 γὰρ
1534 2412 1619 2443 οὐδέν
1631 2426 1657 2443 τι
1674 2413 1769 2452 ἐγγὺς,
1784 2412 1868 2454 quod
1886 2420 1985 2442 tamen

1142 2464 1172 2494 in
1195 2464 1267 2506 ipsis
1284 2464 1419 2505 Longini
1441 2463 1541 2494 verbis
1565 2475 1678 2505 ponere
1704 2475 1763 2493 non
1790 2475 1855 2493 sum
1882 2475 1983 2493 ausus.

1144 2516 1210 2546 Nec
1226 2515 1325 2546 multo
1340 2515 1476 2546 deterius
1492 2523 1547 2553 est,
1564 2515 1648 2556 quod
1665 2515 1738 2545 editi
1763 2515 1829 2545 libri
1855 2515 1983 2544 liabent:

1144 2567 1209 2597 οὐδὲ
1231 2568 1287 2606 γὰρ
1307 2566 1394 2606 ἐγγύς
1415 2579 1458 2596 τι;
1483 2567 1643 2596 nonenim
1660 2567 1807 2608 proav'mc'
1829 2566 1986 2600 acc-alunt,

1144 2616 1227 2658 quod
1245 2629 1281 2647 ex
1299 2617 1406 2648 Attica
1429 2617 1546 2647 ratione
1569 2624 1632 2647 est:
1660 2618 1840 2659 longissimi·
1863 2617 1986 2646 absunt.

1147 2668 1206 2698 Sed
1225 2679 1419 2710 nequaquam
1435 2668 1534 2710 probo
1547 2667 1640 2699 Tollii
1657 2676 1687 2698 et
1705 2667 1821 2709 'l'oupii
1837 2678 1989 2697 commen-
