2201 2990
565 137 628 176 IN
660 136 769 175 LIB.
790 135 862 174 IX.
894 132 1150 172 ENNEAD.
1181 131 1478 170 SECUNDAE.

167 248 228 279 que
243 247 344 268 causa.
390 234 509 266 Eadem
524 233 620 276 igitur
634 230 859 273 consequentiae
880 229 1006 260 necessi-

168 288 229 311 tate
244 290 364 322 semper
379 286 443 309 erit.

198 367 282 394 Faber
297 365 387 392 mundi
401 373 452 391 non
468 363 648 394 inclinatione,
663 362 709 388 sed
723 360 891 388 consistentia
897 358 969 395 jecit

514 404 650 430 mundum.

211 453 267 483 IV.
299 450 457 492 Reprobat
484 450 607 486 iterum,
631 447 716 490 quod
743 447 842 482 aiunt,
870 445 1002 475 animam

167 495 294 538 primam
311 505 370 524 non
386 504 423 523 ex
440 504 486 529 eo,
503 492 586 534 quod
607 492 637 521 in
659 502 714 521 sua
729 489 879 531 dignitate
902 499 1003 518 mane-

166 545 221 574 ret,
247 536 298 567 sed
323 536 395 578 quia
421 534 661 577 degeneraverit,
687 533 838 563 mundum
863 543 1004 573 procrea-

167 581 252 611 visse.
299 579 360 610 Sed
382 586 546 620 antequam
562 576 786 608 confutationes
802 574 917 606 Plotini
934 586 1003 616 pro-

165 634 284 665 sequar,
301 633 455 653 recensere
472 622 564 663 juvat
581 619 746 662 Porphyrii
762 619 855 649 verba
878 618 908 648 in
931 629 1001 648 ean-

165 666 235 697 dem
251 665 441 702 sententiam,
455 676 492 695 ex
505 664 583 694 libro
598 664 664 705 ejus
679 662 743 693 vias
758 662 797 692 ad
813 661 1004 703 intelligibile

165 709 401 740 demonstrante.
450 707 498 738 Sic
513 707 608 749 igitur
622 707 680 737 ait:
706 705 802 736 Nulla
818 704 1002 735 substantia-

166 763 247 790 rum,
257 763 328 794 quae
341 751 489 782 universae
505 756 577 781 sunt
592 758 686 791 atque
697 749 853 792 perfecta),
865 747 904 778 ad
918 759 1003 778 suani

166 794 352 826 convertitur
366 793 550 836 genituram.
596 794 711 823 Omnes
733 799 837 822 autem
860 790 1004 833 perfectae

166 837 344 868 substantiae
367 836 406 867 ad
428 836 606 878 generantia
629 836 732 878 potius
755 834 951 876 rediguntur,
975 841 1005 864 et

165 881 196 911 id
219 880 343 922 quidem
366 879 406 910 ad
426 891 538 922 corpus
562 891 661 918 usque
683 878 893 909 mundanum:
919 877 1004 918 quod

165 934 236 954 sane
250 934 321 954 cum
338 923 375 953 sit
392 923 573 965 perfectum,
590 922 629 952 ad
645 922 776 952 animam
790 932 853 951 esse
865 919 942 961 [Ed.
955 931 1003 962 pr.

164 967 222 1009 est]
240 966 396 997 redactum
410 978 415 996 :
441 966 584 1004 animam,
601 965 738 1007 inquam,
755 963 1002 1000 intellectualem,

165 1009 295 1051 ideoque
310 1008 424 1040 circulo
440 1009 583 1040 volvitur.
620 1008 737 1039 Anima
752 1019 824 1038 vero
840 1006 947 1037 mundi
964 1006 1003 1036 ad

164 1052 353 1083 intellectum
373 1052 540 1083 attollitur:
566 1051 737 1082 intellectus
757 1057 859 1081 autem
876 1049 1005 1091 erigitur

164 1095 203 1126 ad
220 1095 414 1137 principium.
441 1095 552 1126 Subdit
570 1107 642 1125 vero
658 1094 750 1136 paulo
766 1101 852 1136 post:
879 1094 917 1123 In
934 1093 1006 1123 51111-

165 1138 282 1169 stantiis
297 1150 370 1168 vero
387 1138 635 1180 particularibus,
651 1145 681 1168 et
696 1137 736 1167 ad
752 1136 850 1167 multa
870 1135 930 1166 labi
954 1147 1005 1177 po-

166 1181 301 1212 tentibus
316 1181 393 1212 inest
408 1181 581 1223 proclivitas
602 1181 767 1211 deflectens
782 1179 820 1210 ad
836 1179 1004 1221 genituras,

166 1224 297 1266 ideoque
316 1224 345 1254 in
368 1224 415 1255 his
436 1224 582 1255 delictum
598 1224 711 1255 dicitur
725 1222 868 1254 accidisse
882 1234 887 1252 :
913 1221 942 1251 in
959 1222 1006 1251 bis

166 1267 329 1298 infidelitas
351 1274 396 1298 est
419 1267 573 1298 damnata.
620 1268 688 1297 Has
709 1266 804 1307 igitur
819 1265 1007 1296 contaminat

166 1310 232 1352 ipsa
257 1310 393 1347 materia,
420 1318 582 1353 propterea
607 1309 691 1352 quod
715 1309 754 1339 ad
781 1309 859 1339 banc
886 1308 1006 1338 deflecti

167 1353 295 1395 possint,
306 1365 376 1384 cum
389 1361 491 1384 tamen
506 1354 622 1384 interea
637 1364 668 1383 se
684 1352 722 1383 ad
735 1352 873 1382 divinum
887 1351 1007 1382 valeant

166 1396 365 1427 convertisse:
391 1408 485 1438 quam
511 1397 551 1427 ob
576 1408 639 1427 rem
664 1395 812 1438 perfectio
835 1394 960 1436 quidem
987 1406 1006 1424 a

167 1439 320 1481 prioribus
344 1440 477 1470 secunda
503 1439 671 1476 substituit,
695 1449 876 1469 conservans
898 1437 1004 1468 cadem

166 1482 206 1512 ad
221 1482 322 1524 priora
337 1494 490 1513 conversa.
516 1483 664 1513 Defectus
680 1493 804 1523 quoque
818 1480 929 1511 alicubi
946 1480 1006 1521 pri-

166 1536 220 1555 ora
235 1525 377 1567 quaedam
393 1526 483 1556 etiam
499 1525 538 1556 ad
554 1525 723 1567 posteriora
740 1523 885 1561 deflectit,
901 1523 1006 1554 efficit-

167 1579 237 1610 que,
263 1576 296 1599 111
324 1568 389 1599 haec
414 1568 480 1610 ipsa
505 1568 634 1610 diligant
661 1580 678 1598 a
704 1567 859 1609 superiore
884 1566 1004 1597 interim

166 1611 357 1642 divertentia.
404 1613 483 1642 Haec
512 1611 573 1642 ille.
624 1612 662 1641 In
693 1611 805 1652 quibus
835 1610 1004 1647 confirmat,

166 1654 321 1685 daemones
336 1654 496 1696 quosdam,
515 1654 561 1685 vel
585 1654 700 1684 animas
721 1653 880 1684 hominum
897 1664 914 1683 a
929 1652 1006 1682 divi-

167 1697 213 1727 nis
245 1697 471 1739 degenerando,
503 1709 630 1739 corpora
661 1697 820 1733 fabricare,
852 1695 1004 1726 mundum

167 1752 239 1771 vero
254 1741 292 1771 ab
307 1740 408 1771 anima
423 1741 557 1782 quadam
578 1740 682 1771 divina
701 1747 731 1771 et
752 1739 782 1769 in
806 1739 916 1769 divinis
939 1751 1006 1781 per-

168 1791 322 1814 severante
352 1784 445 1814 fuisse
475 1790 694 1814 constructum.
741 1783 881 1813 Tantum
912 1782 1003 1819 enim,

168 1833 230 1856 tam
252 1826 427 1868 pulchrum,
444 1834 505 1857 tam
521 1827 704 1858 diuturnum
725 1837 804 1868 opus
826 1825 954 1862 efficere,
970 1837 1005 1856 ac

169 1869 232 1899 sine
254 1870 490 1911 transgressione
513 1870 635 1908 ducere,
651 1877 776 1911 tamque
800 1868 931 1898 mirabili
955 1880 1003 1898 ra-

170 1911 250 1942 tione
266 1923 398 1950 movere,
416 1924 476 1943 non
494 1920 538 1943 est
560 1912 719 1955 potestatis
741 1911 908 1953 aliquando
922 1911 1005 1941 incli-

170 1954 279 1991 nantis,
297 1955 348 1985 sed
364 1955 394 1985 in
411 1956 527 1997 optimo
545 1967 662 1998 semper
678 1955 786 1986 habitu
803 1954 1003 1992 consistentis,

170 1997 367 2039 facientisque
382 1998 539 2036 fabricam,
556 2010 616 2029 non
639 2006 712 2035 tam,
730 2006 765 2029 ut
787 1997 903 2040 optima
918 1997 1004 2028 vide-

169 2047 250 2077 atur,
280 2051 373 2081 quam
403 2041 475 2082 quia
508 2041 687 2072 naturaliter
716 2041 782 2083 ipsa
811 2041 849 2071 sit
876 2041 1003 2083 optima.

171 2083 262 2121 Quod
286 2083 308 2112 si
331 2083 446 2124 optima
468 2090 513 2114 est
535 2084 585 2114 illa
607 2091 751 2126 potestas,
768 2092 798 2115 et
813 2092 849 2115 ut
864 2096 900 2114 ex
918 2092 1004 2114 motu

169 2134 307 2168 apparet,
323 2125 529 2167 infatigabilis,
546 2139 715 2169 nunquam,
731 2127 815 2169 quod
830 2127 945 2169 optime
960 2127 1004 2157 fa-

171 2169 277 2205 bricat,
296 2168 341 2198 vel
364 2169 403 2199 ob
428 2169 636 2211 poenitentiam
658 2170 805 2206 destruet,
822 2170 868 2200 vel
890 2170 930 2201 ob
953 2170 1004 2200 de-

171 2211 378 2253 fatigationem
410 2211 525 2242 desinet
554 2224 741 2243 conservare.
791 2213 901 2243 Dicere
931 2225 1003 2243 vero

171 2254 327 2285 mundana
341 2254 458 2284 institui
474 2255 562 2292 male,
578 2263 671 2297 atque
691 2255 762 2286 hinc
784 2256 1001 2297 argumentari,

171 2297 277 2328 mundi
295 2304 434 2327 naturam
456 2309 519 2328 esse
542 2298 662 2335 malam,
679 2305 709 2328 et
731 2306 885 2329 auctorem
909 2298 1003 2339 hujus

171 2340 296 2376 malum,
313 2339 471 2370 hominum
485 2348 530 2370 est
545 2341 592 2371 vel
608 2340 793 2382 iniquorum,
810 2341 855 2371 vel
881 2334 1002 2383 penitus

169 2384 376 2425 ignorantum.
408 2382 578 2413 Stultorum
595 2395 719 2425 quoque
734 2391 778 2414 est
793 2383 921 2425 opinari,
936 2392 1003 2426 pot-

169 2434 295 2457 estatem
311 2425 404 2461 illam,
422 2433 457 2456 ut
472 2433 553 2467 agat,
570 2425 706 2467 indigere
720 2426 855 2456 consilio.
880 2426 1002 2457 sienim

169 2469 199 2499 in
217 2477 326 2500 natura
341 2468 436 2510 ipsius
452 2476 526 2505 erat,
545 2475 578 2499 ut
594 2468 743 2510 gigneret,
753 2468 876 2499 consilio
891 2469 929 2499 ad
947 2469 1003 2500 hoc

170 2512 254 2543 nullo
269 2523 394 2554 prorsus
410 2511 551 2551 indiguit.
577 2511 608 2542 Si
624 2523 702 2553 opus
717 2511 842 2541 consilio
857 2511 926 2550 fuit,
943 2524 1001 2543 non

168 2563 233 2586 erat
256 2555 354 2596 prima
375 2554 425 2584 illa
445 2560 579 2595 potestas
599 2553 778 2584 naturaliter
794 2554 943 2585 sufficiens
964 2555 1003 2585 ad

168 2597 371 2638 generationis
386 2597 536 2627 effectum.
579 2596 674 2627 Nulla
690 2597 783 2639 igitur
799 2604 917 2634 natura,
935 2597 1003 2628 nul-

171 2641 259 2682 laque
283 2648 415 2682 potestas
441 2651 494 2681 per
519 2652 548 2670 sc
573 2639 683 2682 poterit
709 2639 824 2681 aliquid
849 2651 1004 2681 generare,

171 2684 216 2715 vel
234 2684 341 2714 facere.

1809 146 1881 184 551

1051 230 1143 266 Neque
1158 230 1275 256 animam
1290 238 1343 255 esse
1358 238 1520 263 corpoream,
1534 237 1616 263 neque
1633 230 1852 265 niundumfuisse
1868 241 1885 257 (

1258 269 1330 295 malo
1342 269 1475 304 principio
1491 269 1672 294 constituam.

1092 317 1126 346 V.
1152 315 1327 357 Redarguit
1341 322 1500 357 praeterea,
1514 314 1597 356 quod
1613 314 1766 351 dicebant,
1779 317 1884 346 1111111111

1047 358 1169 389 fabrum
1186 358 1330 396 animam,
1346 369 1408 400 qua
1424 357 1498 388 vivit
1520 356 1654 388 mundus
1676 369 1710 387 ac
1734 365 1885 395 movetur,

1047 413 1084 432 ex
1108 401 1264 432 elementis
1287 401 1394 432 mundi
1418 400 1634 442 composuisse,
1649 412 1719 441 qua
1742 412 1886 442 corporea

1047 445 1085 475 sit
1100 453 1130 475 et
1145 444 1336 480 irrationalis,
1353 452 1446 486 atque
1463 443 1607 474 mortalis.
1640 443 1745 473 Primo
1761 443 1886 484 quidem

1047 488 1132 518 nefas
1144 495 1199 527 est,
1218 487 1393 518 universum
1412 486 1523 517 babere
1539 486 1670 517 animani
1687 494 1789 516 nostra
1805 486 1887 516 dete-

1047 531 1156 562 riorem
1170 544 1176 561 z
1206 531 1317 561 deinde
1343 530 1475 561 animam
1502 529 1643 571 componi
1670 541 1706 559 ex
1732 529 1887 559 elementis

1046 575 1133 616 quasi
1158 574 1367 616 posteriorem,
1391 585 1462 615 111110
1490 580 1590 603 tamen
1615 580 1761 613 tanquam
1789 572 1887 602 virtus

1047 618 1286 660 repugnantium
1319 616 1491 658 copulatrix
1523 616 1607 658 prior
1636 627 1699 646 0550
1728 615 1830 651 debet,
1858 623 1886 645 et

1048 661 1211 703 simplicior
1226 668 1320 701 atque
1335 659 1531 690 constantior.
1564 659 1707 700 Denique
1724 666 1833 689 natura
1849 670 1885 688 ex

1048 704 1203 735 elementis
1220 703 1398 745 composita,
1415 714 1514 744 neque
1530 702 1695 744 quicquam
1713 701 1814 737 efficit,
1832 702 1887 731 11151

1048 759 1240 789 corporeum,
1256 758 1356 788 neque
1371 745 1537 776 reflectitur
1553 745 1582 775 in
1600 758 1630 775 se
1646 745 1753 787 ipsam.
1794 745 1887 775 Deri

1049 791 1101 821 det
1117 791 1252 832 insuper,
1269 789 1354 831 quod
1371 801 1401 819 se
1416 789 1481 819 fore
1496 789 1602 819 beatos
1624 795 1745 830 putent,
1763 788 1888 829 quando

1049 833 1214 875 exemplari
1238 832 1346 863 mundi
1369 833 1523 862 fruantur.
1570 833 1649 862 Cum
1675 839 1775 862 tamen
1799 831 1886 873 opili-

1049 877 1129 907 cium
1146 877 1203 907 1100
1219 876 1257 907 ad
1274 875 1431 917 exemplar
1445 875 1594 916 ejusmodi
1611 874 1811 905 constitutum
1833 874 1886 905 (10-

1049 920 1150 950 testari
1168 919 1291 950 minime
1307 925 1483 949 vereantur:
1502 918 1669 960 praesertim
1686 929 1757 948 cum
1774 917 1887 953 dicant,

1048 963 1156 993 mundi
1183 963 1306 993 fabrum
1333 970 1406 992 111110
1436 961 1569 1003 primum
1597 961 1703 991 mundi
1731 960 1888 1002 exemplar

1047 1006 1244 1048 excogitasse,
1261 1005 1386 1047 quando
1401 1006 1439 1035 ad
1456 1004 1606 1035 deteriora
1622 1016 1653 1034 se
1670 1004 1769 1034 vertit.
1815 1004 1886 1034 Ad-

1049 1049 1163 1080 debant
1178 1048 1372 1079 fabricavisse
1389 1047 1552 1084 mundum,
1565 1047 1603 1078 ad
1620 1047 1735 1077 animas
1750 1047 1889 1077 custodia

1049 1092 1239 1129 coercendas,
1266 1091 1351 1133 quod
1377 1098 1422 1121 cst
1448 1091 1562 1121 frustra
1588 1098 1750 1121 tentatum.
1796 1091 1887 1128 Quod

1051 1147 1122 1166 vero
1137 1147 1241 1166 curam
1258 1134 1408 1176 ejusmodi
1432 1134 1517 1164 illum
1541 1134 1693 1175 putabant
1715 1133 1827 1164 babere
1850 1133 1888 1164 de

1050 1179 1177 1217 mundo,
1202 1178 1363 1220 quaeritur,
1381 1185 1485 1207 utrum
1508 1185 1628 1207 curaret
1652 1176 1681 1206 id
1706 1184 1776 1207 ante
1799 1188 1888 1207 mun-

1049 1222 1122 1252 dum
1137 1234 1143 1252 t
1169 1233 1218 1258 an,
1236 1221 1352 1251 mundo
1363 1221 1428 1261 jam
1444 1220 1535 1256 facto,
1552 1219 1678 1261 creperit
1701 1220 1811 1250 deinde
1834 1231 1886 1250 cu-

1051 1267 1140 1295 rare?
1166 1265 1197 1295 Si
1220 1264 1317 1306 prius,
1339 1264 1454 1294 frustra
1476 1262 1582 1293 saltem
1605 1263 1734 1299 curavit,
1753 1271 1786 1293 ut
1809 1262 1886 1293 dixi-

1051 1320 1135 1338 mus:
1162 1308 1206 1338 sin
1229 1315 1331 1338 autem
1355 1313 1425 1348 post
1447 1305 1611 1343 mundum,
1628 1313 1700 1336 tunc
1724 1306 1825 1336 forsan
1842 1307 1889 1336 vel

1052 1351 1158 1381 mundi
1174 1350 1403 1392 dispositionem
1427 1349 1543 1391 aceepit
1558 1349 1597 1379 ab
1613 1348 1677 1390 ipsa
1693 1348 1800 1379 mundi
1820 1360 1887 1390 spe-

1049 1394 1103 1430 010,
1116 1394 1194 1424 hanc
1210 1406 1227 1424 a
1244 1392 1369 1424 materia
1385 1392 1585 1434 segregando,
1598 1399 1652 1422 aut
1667 1392 1706 1422 ab
1718 1392 1888 1422 animabus.

1050 1437 1140 1475 Quod
1154 1437 1177 1467 si
1189 1437 1228 1467 ab
1240 1436 1305 1479 ipsa
1321 1435 1428 1466 mundi
1442 1435 1540 1477 specie
1552 1435 1601 1465 ille
1612 1435 1748 1477 percepit
1760 1435 1887 1465 curandi

1050 1480 1266 1517 conditionem,
1283 1486 1424 1521 poterant
1447 1485 1477 1508 01
1500 1478 1608 1508 anima
1631 1490 1731 1520 perse
1752 1478 1889 1508 similiter

1051 1523 1239 1565 percepisse:
1271 1523 1315 1553 sin
1338 1529 1440 1552 autem
1464 1521 1503 1551 ab
1527 1521 1697 1559 animabus,
1722 1521 1886 1551 ridiculum

1049 1567 1132 1597 dictu
1149 1573 1204 1603 est,
1222 1566 1283 1596 imo
1299 1573 1329 1595 et
1347 1572 1512 1606 utrumque
1528 1564 1701 1594 ridiculum.
1740 1564 1800 1594 Ubi
1817 1576 1888 1595 vero

1048 1610 1087 1639 de
1103 1609 1275 1640 coercendis
1298 1608 1411 1638 dicitur
1433 1608 1602 1644 animabus,
1620 1607 1723 1649 opinio
1739 1607 1886 1649 tangitur,

1049 1664 1141 1694 quam
1158 1661 1187 1683 et
1204 1651 1304 1693 tetigit
1320 1651 1479 1693 Origenes,
1496 1650 1579 1692 quod
1600 1650 1740 1681 videlicet
1764 1651 1888 1692 spiritus

1049 1707 1154 1726 omnes
1169 1695 1208 1726 ab
1224 1695 1309 1726 initio
1330 1695 1390 1725 sint
1411 1694 1553 1736 aequales,
1570 1693 1621 1724 sed
1645 1700 1771 1736 propter
1786 1693 1885 1724 diver-

1050 1751 1097 1769 sos
1113 1738 1279 1769 voluntatis
1300 1745 1402 1768 motus
1422 1737 1519 1779 magis
1538 1737 1676 1767 minusve
1692 1744 1746 1767 aut
1761 1748 1885 1767 conver-

1049 1794 1096 1812 sos
1111 1781 1150 1812 ad
1166 1783 1281 1818 Deum,
1298 1788 1351 1811 aut
1367 1780 1551 1811 divertentes
1566 1780 1605 1810 ab
1621 1792 1667 1816 eo,
1682 1787 1746 1810 tum
1763 1780 1888 1822 spiritus

1049 1825 1148 1855 varios
1163 1825 1193 1855 in
1210 1836 1240 1855 se
1256 1824 1371 1866 gradus
1386 1823 1567 1865 acceperint,
1579 1831 1644 1853 tum
1658 1834 1785 1864 corpora
1801 1835 1888 1853 mun-

1048 1868 1079 1898 di
1094 1867 1307 1898 differentibus
1322 1867 1487 1898 constituta
1502 1866 1561 1896 sint
1575 1866 1734 1908 gradibus,
1752 1873 1817 1896 tum
1834 1866 1886 1896 de-

1049 1911 1142 1953 nique
1165 1911 1290 1953 spiritus
1312 1910 1362 1941 alii
1386 1910 1451 1940 aliis
1478 1909 1536 1940 sint
1560 1909 1673 1939 addicti
1698 1909 1886 1951 corporibus.

1050 1955 1150 1996 Cujus
1165 1953 1316 1996 opinionis
1332 1965 1415 1984 error
1427 1952 1497 1983 inde
1512 1952 1713 1989 convincitur,
1727 1952 1810 1994 quod
1824 1961 1888 1983 tota

1048 1997 1207 2040 dispositio
1233 1997 1341 2027 mundi
1366 1996 1396 2026 in
1423 1996 1489 2037 ipsa
1514 1995 1668 2037 graduum
1695 1995 1887 2026 distinctione

1048 2040 1225 2076 consistens,
1241 2051 1311 2070 cum
1334 2039 1371 2070 sit
1391 2039 1522 2069 maxime
1538 2038 1664 2069 formale
1680 2038 1841 2080 finaleque,
1858 2046 1886 2069 et

1048 2084 1199 2126 optimum
1221 2083 1251 2113 in
1275 2083 1426 2120 universo,
1442 2082 1551 2112 merito
1566 2081 1699 2124 primum
1716 2089 1760 2112 est
1776 2082 1806 2112 in
1823 2082 1887 2124 ipsa

1047 2127 1137 2168 primi
1154 2126 1271 2168 agentis
1286 2126 1463 2156 intentione.
1510 2125 1581 2155 Non
1598 2125 1693 2166 igitur
1707 2136 1744 2155 ex
1762 2126 1883 2156 merito<

1048 2181 1115 2200 rum
1133 2169 1307 2200 diversitate
1323 2168 1482 2210 contingit,
1500 2168 1666 2210 pracsertim
1689 2168 1772 2209 quia,
1789 2168 1811 2198 si
1836 2180 1886 2198 na-

1048 2220 1126 2243 111110
1142 2212 1303 2243 rationales
1319 2212 1357 2242 ab
1374 2211 1459 2242 initio
1475 2211 1608 2253 {equales
1630 2218 1726 2248 erant,
1744 2211 1802 2241 alia
1824 2223 1885 2242 11011

1046 2256 1240 2298 dependebat
1255 2256 1294 2286 ab
1310 2255 1378 2285 alia.
1404 2256 1486 2286 Casu
1499 2254 1593 2296 igitur
1608 2254 1719 2296 obtigit
1733 2254 1885 2285 variarum

1046 2299 1204 2329 concursio
1222 2298 1434 2329 voluntatum:
1460 2309 1531 2328 casu
1555 2297 1649 2339 igitur
1668 2297 1744 2327 ordo
1765 2306 1829 2328 tum
1854 2298 1884 2328 111

1047 2342 1215 2384 spiritibus,
1229 2350 1295 2372 tum
1312 2341 1342 2371 in
1358 2341 1475 2372 mundo
1491 2340 1613 2371 deinde.
1646 2341 1724 2371 Item
1742 2352 1810 2371 cum
1828 2340 1885 2371 dif-

1045 2385 1182 2416 ferentiae
1198 2384 1351 2427 speciales,
1368 2392 1398 2415 et
1415 2384 1529 2426 51100105
1543 2383 1572 2414 111
1590 2384 1682 2414 rebus
1697 2383 1821 2425 quidem
1838 2384 1882 2413 in-

1046 2428 1207 2459 ferioribus
1224 2427 1376 2458 naturales
1391 2426 1624 2468 essentialesque
1640 2427 1710 2463 sint,
1725 2427 1809 2457 nefas
1824 2426 1885 2456 dic-

1046 2478 1080 2501 tu
1095 2479 1151 2508 est,
1164 2483 1228 2502 esse
1242 2470 1443 2502 accidentales
1458 2470 1488 2500 in
1505 2470 1630 2512 superis.
1655 2471 1766 2500 Essent
1781 2477 1882 2500 autem

1047 2514 1256 2551 accidentales,
1282 2514 1305 2544 si
1330 2525 1390 2544 non
1415 2513 1544 2544 fuissent
1570 2513 1609 2543 ab
1634 2513 1730 2550 initio,
1755 2513 1806 2543 5011
1830 2523 1883 2553 per

1047 2555 1156 2587 liberos
1186 2557 1381 2587 voluntatum
1411 2564 1513 2587 motus
1543 2563 1648 2598 postea
1678 2555 1881 2596 contigissent.

1049 2599 1186 2630 Tametsi
1210 2599 1421 2630 difficillimum
1447 2607 1491 2630 est
1517 2599 1679 2640 assignare,
1705 2596 1771 2628 cun
1786 2596 1883 2626 modis

1049 2649 1109 2672 tam
1126 2642 1252 2673 diversis
1266 2642 1340 2672 moti
1356 2643 1415 2673 sint
1431 2642 1555 2684 spiritus
1571 2638 1631 2671 tani
1649 2641 1790 2681 {equale-s.
1821 2639 1881 2676 Qui

1048 2692 1128 2715 certe
1149 2685 1172 2715 51
1194 2692 1263 2715 ante
1284 2684 1478 2715 voluntatum
1499 2692 1651 2715 momenta
1674 2690 1758 2713 crant
1784 2682 1883 2719 inulti,
