2201 2990
649 124 806 154 VITAM
830 123 1056 154 AUCTORE
1082 123 1372 157 PORPHYRIO.
1398 138 1429 168 p.
1445 127 1476 158 li.
1494 128 1535 159 lii.

220 213 368 255 scriptura
398 209 528 248 Κόμοδος
553 214 584 239 et
611 207 764 247 Κόμμοδος
789 208 935 239 variatur.

220 263 360 295 Irmisch.
377 261 417 293 ad
434 259 604 290 Herodian.
621 271 654 301 p.
666 269 720 300 35.
746 260 800 291 Cr.

260 327 288 357 p.
307 314 347 345 lii.
371 319 397 343 q,
431 313 469 352 τῷ
499 310 685 352 στρατοπέδῳ
716 309 882 351 συνεισῇει]
924 313 945 328 “
962 311 1058 340 Anno

217 365 330 396 Christi
345 373 413 402 241.
438 369 468 392 et
492 361 643 392 Gordiani
661 362 743 404 Imp.
767 361 907 402 quint0.''
930 361 1056 391 Fabric.

216 416 325 447 Potius
350 425 430 444 anno
456 421 525 451 242.
542 424 573 454 p.
598 413 672 443 Chr.
698 424 729 443 n.
754 413 798 443 U.
813 413 850 443 C.
867 421 940 453 995.
987 411 1056 442 Vid.

217 466 385 497 Tillemont
401 463 539 495 Histoire
561 463 616 494 des
634 464 826 505 Empereurs
843 463 910 494 III.
935 475 966 504 p.
985 472 1056 504 253.

214 529 260 560 sq.
283 516 332 548 ed.
349 517 457 546 Venet.
481 522 511 545 et
534 514 665 545 Eekhel.
691 515 798 545 Doctr.
823 515 953 545 Numm.
973 515 1056 545 Vett.

216 570 308 599 Toni.
320 568 398 599 VII.
415 579 446 609 p.
461 577 533 608 311.
551 578 616 608 sqq.
633 574 664 597 et
679 566 718 597 de
734 566 876 597 universa
891 565 947 596 hac
962 577 1054 608 cxpe-
1074 571 1098 599 B

212 620 327 651 ditione
343 618 466 650 Persica
483 617 634 649 Gordiani
650 618 732 649 tertii
749 617 887 649 Gibbon.
905 617 990 649 Hist.
1008 618 1053 648 in-

212 671 283 702 clin.
306 677 336 701 et
358 670 435 712 laps.
456 670 571 712 Imper.
590 670 683 700 Rom.
702 670 730 700 I.
747 681 774 700 c.
789 678 817 710 7.
841 681 872 712 p.
884 670 958 711 485.
976 680 1055 700 νει-5.

213 722 359 754 German.
384 720 521 752 Wenck.
553 726 584 751 et
613 720 761 752 Malcolm
789 721 842 751 the
870 721 1001 763 History
1024 721 1061 752 of

213 773 319 805 Persia
332 772 419 814 chap.
432 772 491 802 VI.
509 783 538 814 p.
553 782 603 814 97.
629 772 685 803 Cr.

262 837 293 867 p.
315 824 357 855 lii.
380 830 404 854 ³.
451 823 536 862 ἔμενε
570 824 616 854 καὶ
650 825 666 854 ὁ
699 824 874 866 Πλωτΐνος]
914 824 1057 854 Fortasse

211 875 331 918 scripsit
359 874 554 917 Porphyrius
585 875 706 914 ἐνέμενε
733 886 774 905 sc.
799 878 861 907 ταῖς
888 875 1054 914 σ-υνθήκαις,

210 939 281 970 quae
301 934 390 957 antea
409 933 586 956 memoratae
607 933 688 957 sunt.

210 977 422 1020 compositum
433 977 581 1019 jungitur
596 989 666 1008 cum
683 979 790 1013 πίστις,
808 981 949 1016 συνθῆκαι
972 978 1053 1009 511111-

209 1030 363 1072 libusque,
394 1029 441 1059 vel
472 1028 579 1060 addita
607 1029 656 1059 vel
686 1029 797 1060 omissa
826 1029 1053 1072 praepositione.

209 1082 281 1113 Vid.
306 1081 477 1123 Schweigh.
500 1081 581 1111 Lex.
605 1081 718 1123 Polyb.
742 1093 774 1123 p.
796 1082 867 1111 206.
914 1082 994 1111 Mox
1017 1093 1054 1112 ex

209 1133 273 1164 h.l.
295 1133 464 1164 ἀνέκπυστα
485 1132 666 1163 addendum
687 1132 779 1163 unico
801 1132 954 1174 exemplo,
970 1132 1055 1174 qnod

210 1196 248 1216 ex
270 1184 398 1226 Joseph.
420 1183 555 1226 Antiqq.
574 1184 690 1214 XVII.
715 1194 758 1214 11.
778 1194 805 1215 2.
831 1185 877 1226 (p.
895 1184 967 1214 861.
986 1185 1054 1214 Ha-

210 1238 308 1277 verc.)
326 1235 540 1277 consignatum
557 1235 587 1265 in
605 1235 729 1266 Lexicis
745 1242 801 1266 est.
840 1235 891 1266 De
906 1235 995 1265 simili
1011 1235 1056 1266 in-

734 927 816 957 Nam
832 926 909 957 illud
925 927 1053 957 verbum
1073 935 1096 963 C

1901 134 1971 165 xciii

987 208 1058 239 Vid.
1076 209 1103 236 A
1120 209 1276 240 Damascii
1306 209 1434 252 aliisque
1464 213 1597 244 maxime
1623 215 1850 249 Platonicorum
1880 219 1965 251 libris

1120 270 1191 289 suos
1217 259 1248 290 in
1276 260 1476 292 Aristotelem
1506 264 1750 297 Commentarios
1777 270 1963 312 compilavit,

1120 310 1265 352 Koppius
1280 311 1319 342 ad
1333 313 1532 344 Damascium
1548 315 1614 354 περὶ
1630 317 1728 356 ἀρχῶν
1744 329 1775 358 p.
1786 329 1833 359 13.
1847 332 1892 362 sq.
1910 322 1963 363 qui

1118 361 1233 392 ibidem
1249 369 1279 393 et
1295 374 1326 405 p.
1339 373 1413 404 397.
1430 376 1496 406 sqq.
1515 372 1659 407 excerpta
1674 378 1710 397 ex
1728 367 1786 398 illis
1802 371 1963 403 Commen-

1120 412 1204 443 tariis
1219 413 1372 445 exhibuit.
1411 415 1461 446 De
1476 415 1533 446 1100
1551 416 1686 458 Origene
1704 419 1833 450 Proclus
1849 421 1877 451 in
1895 423 1964 453 Pla-

1119 471 1182 494 ton.
1195 464 1349 507 Theolog.
1362 466 1408 496 II.
1421 476 1449 505 4.
1464 478 1495 509 p.
1507 477 1560 507 90:
1579 467 1739 508 Ὠριγένην
1756 470 1807 500 τὸν
1822 474 1860 512 τῷ
1878 476 1964 504 Πλω-

1119 516 1187 557 τίνῳ
1204 518 1253 554 τῆς
1268 517 1354 555 αὐτῆς
1368 517 1558 558 μετασχόντα
1573 521 1713 552 παιδείας.
1746 521 1873 563 Scripsit
1888 534 1965 564 pra*-

1119 573 1165 597 ter
1188 579 1240 598 eos
1263 567 1370 608 libros,
1396 581 1474 610 quos
1496 570 1525 600 h.
1542 570 1562 601 1.
1586 571 1781 613 Porphyrius
1805 582 1964 613 memorat,

1118 619 1383 650 Commentariun]
1407 620 1436 651 in
1459 621 1571 652 Timaei
1594 622 1745 653 Platonici
1767 626 1962 666 prooemium.

1118 669 1186 700 Vid.
1205 670 1375 702 Ruhnken.
1394 672 1443 702 De
1460 673 1605 714 Longino
1622 675 1648 714 ξ.
1666 675 1700 705 V.
1720 686 1749 717 p.
1762 677 1836 716 496.
1853 688 1898 718 sq.
1916 678 1963 709 ed.

1118 721 1285 763 Bergman.
1332 723 1493 754 Gallienus
1510 725 1686 767 Imperator
1700 726 1731 756 in
1755 728 1856 758 numis
1874 729 1962 759 Grae-

1116 772 1170 810 cis,
1193 784 1272 815 quos
1294 774 1407 805 multos
1431 775 1591 813 habemus,
1617 776 1717 808 ubivis
1739 778 1803 808 fere
1826 782 1961 810 ΓΑΛΛΙ-

1118 827 1244 862 ΗΝΟΣ,
1268 836 1338 856 11110
1361 829 1605 859 ΓΑΛΛΙΑΝΟΣ.
1655 829 1780 871 (Beger.
1807 830 1960 862 Thesaur.

1117 876 1356 919 Brandenburg.
1385 878 1453 908 III.
1478 890 1510 920 p.
1531 880 1601 920 158.
1625 891 1669 922 sq.
1718 881 1873 913 Mionnet.
1897 883 1961 913 De-

1117 927 1219 970 seript.
1236 928 1266 959 d.
1307 929 1471 960 Medailles
1495 930 1552 960 VI.
1576 942 1608 973 p.
1630 931 1703 970 448.
1727 942 1799 974 450.
1825 936 1908 975 sqq.)
1933 941 1962 965 et

1117 980 1282 1012 Γαλλιανὸς
1297 980 1388 1011 etiam
1406 982 1436 1012 N
1440 981 1602 1023 icephorus
1618 994 1650 1024 p.
1662 993 1737 1022 401.
1756 984 1812 1021 bis,
1830 992 1860 1015 et
1878 986 1963 1016 Gali-

1116 1042 1197 1061 anus
1214 1032 1320 1062 Latini
1336 1044 1570 1075 nonnunquam.
1616 1034 1688 1066 Vid.
1707 1036 1826 1066 Euseb.
1844 1036 1962 1067 Chron.

1116 1082 1166 1113 ed.
1184 1083 1318 1114 A.Ma'1.
1340 1091 1370 1114 et
1391 1084 1526 1115 Zoln·ab.
1551 1097 1582 1127 p.
1597 1095 1669 1126 392.
1718 1086 1778 1117 Sed
1800 1087 1830 1117 in
1853 1088 1963 1119 Dionis

1118 1134 1213 1164 Cassii
1238 1135 1404 1177 Excerptis
1427 1135 1457 1166 in
1483 1137 1574 1167 Nova
1597 1137 1725 1168 Collect.
1745 1138 1892 1170 Vaticana
1913 1140 1962 1170 ΙΙ.

1116 1197 1146 1227 p.
1164 1187 1233 1227 236.
1251 1198 1370 1229 semper
1386 1188 1528 1226 Γαλιηνὸς
1543 1196 1573 1219 et
1590 1192 1745 1228 Γαλιηνοῦ.
1772 1191 1827 1222 Cr.

1162 1249 1194 1279 p.
1218 1237 1258 1267 lii.
1283 1244 1303 1267 ⁰.
1333 1239 1390 1268 Καὶ
1415 1239 1462 1269 ἐπὶ
1487 1240 1632 1278 Γαλιήνου
1663 1241 1707 1271 ὅτι
1730 1240 1821 1280 μόνος
1844 1243 1962 1281 ποιητὴς

210 1287 340 1319 terdicto
355 1287 384 1317 in
409 1286 519 1317 scholis
536 1286 805 1328 Pythagoreorum
822 1286 981 1317 Neanthes
1003 1298 1053 1328 ap.
1072 1292 1098 1319 D
1116 1289 1131 1318 ὁ
1155 1290 1312 1331 βασιλεὺς]
1346 1293 1366 1307 “
1383 1290 1434 1320 Ex
1459 1289 1516 1321 1100
1541 1290 1605 1321 5010
1628 1299 1734 1333 patere
1758 1292 1846 1324 facile
1871 1300 1960 1335 puto,

210 1339 303 1381 Diog.
322 1339 360 1369 L.
386 1339 483 1368 VIII.
509 1345 560 1379 55.
585 1346 615 1368 et
639 1350 689 1380 ap.
717 1338 890 1369 Eudociam
918 1350 949 1380 p.
973 1340 1053 1379 169:

210 1391 273 1422 ἐπεὶ
289 1392 320 1422 δὲ
336 1389 422 1422 αὐτὸς
440 1389 665 1430 (Ἐμπεδοκλῆς)
684 1392 731 1420 διὰ
751 1392 800 1428 τῆς
822 1390 968 1428 ποιήσεως
991 1391 1053 1428 ἐδη-

209 1443 369 1481 μοσίευσεν
385 1442 457 1472 αὐτὰ
470 1441 675 1483 (Pythagorae
691 1441 829 1481 decreta)
845 1442 934 1479 νόμον
953 1441 1053 1471 ἔθεντο

207 1494 308 1532 μηδενὶ
323 1493 503 1531 μεταδώσειν
519 1494 657 1534 ἐποποιῷ.
699 1491 817 1533 Attigit
833 1491 898 1522 haec
914 1492 1055 1523 instituta

213 1545 417 1575 Tiedcmann.
442 1544 472 1574 in
497 1544 584 1574 Geist
605 1544 660 1574 der
676 1544 834 1585 Speculat.
856 1543 1055 1586 Philosophia*

210 1596 279 1627 III.
299 1596 477 1635 268—272.
493 1595 629 1637 iniquius
644 1595 682 1625 de
699 1594 859 1626 Ammonii
876 1595 1054 1637 Plotinique

207 1646 338 1678 consiliis
351 1646 506 1688 judicans.

207 1710 245 1729 ex
261 1705 366 1729 nostro
380 1697 447 1728 loco
462 1697 611 1739 arripiens
628 1698 732 1740 prodit
746 1699 796 1729 De
812 1698 884 1729 Vita
902 1705 931 1729 et
949 1698 1051 1740 Scrip-

207 1749 246 1780 tis
261 1749 428 1792 Porphyrii
445 1761 510 1791 cap.
525 1750 571 1779 VI
585 1762 591 1779 ε
611 1754 631 1767 “
644 1750 773 1780 Certum
790 1757 835 1780 est
848 1749 1051 1780 Ammonium

206 1802 371 1844 religionis
396 1805 512 1831 nostrce
537 1812 648 1831 arcana
675 1801 832 1843 discipulis
859 1801 916 1832 sub
943 1801 1052 1831 silentii

206 1852 351 1894 religione
367 1852 656 1883 communicavisse”
673 1860 753 1883 recte
774 1853 832 1883 hoc
855 1853 1053 1895 reprehendit

213 1904 312 1934 Victor
329 1904 447 1934 cousin
472 1904 507 1933 V.
526 1903 575 1934 Cl.
602 1903 633 1934 in
658 1904 821 1935 Relatione
847 1904 886 1934 de
914 1904 1052 1946 Eunapii

208 1954 282 1985 edit.
304 1954 495 1985 Boissonadii
519 1954 548 1984 in
572 1956 712 1986 Journal
732 1956 784 1986 des
807 1956 935 1987 Savatra
960 1957 1049 1996 1827.

207 2017 239 2047 p.
260 2016 305 2036 10.
351 2006 401 2036 De
422 2006 479 2036 hac
504 2018 535 2036 re
561 2006 672 2038 iterum
693 2007 831 2038 dicemus
852 2007 892 2038 ad
918 2008 1051 2038 Fabricii

208 2056 292 2087 Bibl.
311 2057 367 2088 Gr.
391 2057 422 2087 in
447 2058 570 2088 Plotino
593 2058 653 2089 vol.
670 2058 709 2089 V.
733 2071 764 2101 p.
782 2060 856 2101 694.
904 2060 1051 2090 Ceterum

209 2107 293 2149 quod
326 2107 404 2138 hane
434 2109 601 2151 Porphyrii
635 2111 840 2141 narrationem
878 2119 1050 2152 suspectam

208 2158 336 2189 reddere
366 2159 469 2191 studet
494 2161 529 2191 V.
557 2160 605 2191 Cl.
633 2162 756 2192 Allatter
779 2161 809 2192 in
834 2162 980 2192 Histoire
1008 2163 1051 2193 du

211 2211 413 2241 Gnosticisme
436 2212 482 2242 11.
507 2223 538 2254 p.
553 2213 627 2251 416.
652 2213 682 2244 in
706 2226 742 2244 eo
766 2225 815 2244 me
836 2213 1049 2244 assentientem

208 2272 267 2291 non
285 2261 387 2292 habet.
413 2262 467 2292 Cr.

242 2324 273 2355 p.
288 2312 330 2342 lii.
342 2311 367 2342 b.
383 2312 535 2355 Ἐρεννίῳ]
556 2316 763 2346 “Herennius
777 2316 832 2347 iste
841 2316 949 2359 junior
961 2325 990 2347 et
1006 2317 1051 2347 di-

552 1646 644 1684 Quod
661 1658 733 1677 vero
749 1647 852 1677 Lucas
868 1647 1054 1677 Holstem'us
1073 1657 1097 1683 E

1115 1339 1207 1370 alium
1225 1352 1290 1371 esse
1312 1340 1437 1371 omnino
1452 1341 1535 1372 hunc
1551 1342 1719 1383 Origenem
1742 1343 1781 1374 ab
1798 1344 1959 1375 Adaman-

1115 1390 1166 1421 tio.
1213 1392 1370 1422 Caeterum
1394 1392 1543 1435 scriptum
1568 1393 1648 1425 illius
1665 1395 1807 1437 Origenis
1830 1396 1868 1426 de
1886 1397 1959 1427 Da]-

1115 1442 1258 1473 monibus
1274 1451 1462 1475 memoratur
1474 1444 1564 1476 etiam
1582 1446 1661 1476 infra
1672 1458 1738 1489 cap.
1749 1457 1796 1478 20.
1821 1448 1962 1479 Alterius

1115 1493 1185 1525 libri
1201 1494 1326 1526 titulum
1343 1507 1404 1526 non
1421 1496 1493 1527 satis
1508 1497 1677 1539 intelligere
1694 1510 1741 1529 me
1757 1499 1865 1530 fateor.
1899 1501 1961 1531 Ne-

1115 1546 1176 1576 scio
1192 1546 1309 1589 quippe
1329 1559 1368 1577 an
1390 1547 1494 1578 lectori
1512 1561 1543 1579 se
1558 1550 1728 1591 probatura
1743 1550 1781 1581 sit
1798 1551 1862 1581 Viri
1878 1551 1960 1583 docti

1117 1598 1158 1628 H.
1173 1597 1285 1629 Valesii
1308 1599 1469 1641 expositio,
1489 1600 1542 1642 qui
1567 1600 1597 1631 in
1622 1601 1702 1632 notis
1722 1602 1761 1632 ad
1787 1603 1960 1634 Eusebium

1116 1661 1145 1691 p.
1163 1659 1230 1680 121.
1247 1657 1349 1692 putat,
1367 1662 1437 1681 eum
1454 1651 1661 1694 conscriptum
1685 1653 1715 1683 in
1739 1653 1861 1684 laudem
1884 1655 1959 1685 Gal-

1116 1700 1185 1731 lieni
1212 1702 1423 1744 Imperatoris,
1450 1710 1484 1733 ut
1511 1704 1661 1745 poeticam
1688 1705 1756 1746 ejus
1780 1705 1960 1737 facultatem

1114 1753 1305 1795 praedicaret.
1350 1754 1539 1796 Quanquam
1568 1755 1649 1786 enim
1676 1757 1809 1787 Poeticae
1837 1757 1960 1788 deditus

1114 1804 1208 1835 fuerit
1232 1804 1405 1843 (3311101105,
1431 1813 1461 1836 et
1486 1818 1592 1837 versus
1618 1807 1685 1849 ejus
1710 1807 1829 1849 aliquot
1854 1809 1960 1839 Latini

1114 1856 1267 1898 nuptiales
1290 1863 1411 1888 exstant
1434 1857 1513 1888 inter
1536 1858 1710 1900 fragmenta
1734 1859 1871 1890 Petronii
1894 1862 1957 1890 Ar-

1113 1907 1198 1945 bitri,
1216 1914 1317 1938 tamen
1334 1919 1395 1939 non
1415 1909 1560 1940 credibile
1575 1910 1650 1940 mihi
1666 1910 1799 1949 videtur,
1817 1911 1957 1942 Philoso-

1114 1959 1211 2001 phum
1237 1971 1371 2002 eumque
1397 1961 1542 1991 Graecum
1570 1961 1639 1992 ideo
1663 1961 1777 1993 librum
1801 1963 1958 1994 editurum

1073 2013 1095 2040 F
1114 2010 1207 2041 fuisse
1236 2011 1294 2042 hoc
1320 2011 1422 2048 titulo,
1450 2024 1513 2054 quo
1544 2012 1625 2043 solus
1653 2013 1828 2055 Imperator
1855 2016 1960 2046 Poeta·

1113 2073 1213 2093 nonne
1230 2062 1343 2105 dignus
1354 2063 1532 2105 jactaretur.
1571 2064 1631 2094 Sed
1647 2076 1708 2095 non
1723 2065 1824 2096 minus
1840 2066 1887 2096 vel
1904 2067 1956 2097 fri-

1112 2113 1205 2155 gidus
1228 2113 1276 2144 vel
1299 2114 1449 2145 obscurus
1475 2126 1581 2146 sensus
1604 2123 1660 2153 est,
1686 2128 1778 2158 quem
1804 2116 1834 2147 in
1859 2117 1958 2148 Ficini

1113 2164 1251 2195 versione
1267 2164 1362 2196 vides.
1410 2166 1513 2207 Igitur
1524 2166 1666 2208 judicent
1682 2168 1879 2209 sagaciores.”
1896 2170 1958 2199 Fa-

1113 2216 1188 2246 bric.
1235 2220 1258 2234 ‘⁶
1272 2217 1372 2259 Cujus
1389 2217 1530 2258 (Valesii)
1548 2218 1723 2260 opinionem
1741 2219 1849 2250 merito
1864 2232 1955 2262 repu-

1113 2267 1177 2298 diat
1194 2267 1365 2300 Fabricius.
1411 2270 1493 2299 Nam
1512 2280 1612 2311 neque
1629 2270 1806 2312 Origenem‚
1822 2271 1955 2313 primum

1114 2320 1273 2359 Graecum,
1289 2320 1399 2351 deinde
1422 2320 1653 2363 philosophum,
1675 2321 1814 2360 decebat,
1839 2322 1895 2353 sibi
1918 2323 1955 2353 (1(-

208 2374 314 2394 versus
337 2363 375 2394 ab
396 2364 555 2395 Herennio
577 2366 717 2405 Philone,
737 2367 775 2397 de
798 2379 861 2409 quo
884 2368 1050 2410 praeclarus
1068 2377 1094 2405 G
1112 2371 1251 2402 versibus
1277 2371 1391 2402 Latinis
1410 2371 1563 2413 judicium
1590 2384 1743 2413 arrogare,
1768 2384 1867 2415 neque
1894 2381 1955 2404 tam

208 2414 334 2445 Vossius
350 2414 379 2444 in
397 2414 480 2445 Hist.
498 2416 625 2454 Graecis,
642 2425 670 2448 et
692 2418 730 2449 ab
748 2419 907 2450 Herennio
924 2421 1048 2457 Severo,

207 2465 246 2496 de
268 2478 331 2507 quo
354 2465 492 2496 meminit
517 2467 628 2497 Suidas
651 2468 682 2498 in
708 2470 846 2508 ἕρμιππος
867 2473 1049 2510 Βηρύττιος.”

208 2518 334 2547 Fabric.
381 2517 465 2547 Vidit
482 2517 538 2548 hoc
549 2518 613 2559 jam
631 2519 733 2549 Lucas
748 2521 944 2552 Holstenius.
975 2523 1047 2553 Vid.

206 2568 274 2609 ejus
294 2567 437 2610 Epistoll.
461 2568 501 2598 ad
525 2569 671 2599 Diversus
688 2570 901 2603 XXXVIII.
924 2585 954 2615 p.
975 2576 1046 2605 228.

206 2630 251 2660 sq.
269 2618 316 2650 ed.
333 2618 513 2650 Boissonad.

204 2669 308 2712 cipulo
333 2670 482 2701 confundi
507 2670 573 2701 vult
599 2682 668 2701 eum
696 2672 903 2711 Herem-nium,
930 2675 983 2716 qui
1009 2688 1045 2706 ex

561 2620 625 2650 Nec
646 2632 716 2650 cum
740 2621 797 2652 hoc
814 2624 971 2655 Ammonii
988 2625 1047 2655 dis-

1111 2422 1195 2453 foeda
1209 2422 1395 2464 ignavissimi
1413 2422 1613 2465 Imperatoris
1631 2422 1695 2464 [De
1712 2424 1768 2454 hoc
1785 2424 1956 2455 videbimus

1110 2473 1190 2504 infra
1204 2475 1243 2504 ad
1259 2485 1326 2516 cap.
1346 2474 1434 2505 XII.
1452 2486 1483 2516 p.
1500 2484 1567 2515 113.
1596 2475 1665 2517 Crz]
1683 2475 1818 2506 adulatio
1838 2476 1867 2506 in
1883 2488 1950 2518 gra-

1110 2536 1177 2555 vem
1204 2524 1421 2567 philosophum
1451 2526 1587 2556 cadebat.
1642 2526 1759 2557 illelius
1784 2527 1878 2568 igitur
1904 2527 1952 2556 alii

1110 2587 1230 2606 sensum
1244 2576 1489 2619 philosophicum
1503 2577 1534 2607 in
1548 2577 1605 2608 hoc
1621 2578 1720 2609 indice
1732 2578 1949 2620 quaesiverunt.

1110 2634 1143 2657 ut
1166 2627 1343 2658 Bruckerus
1366 2628 1452 2659 Hist.
1471 2628 1553 2659 Phil.
1572 2630 1611 2659 T.
1632 2630 1679 2660 II.
1704 2641 1735 2671 p.
1754 2630 1825 2665 216,
1842 2641 1948 2670 quain>

1108 2677 1162 2712 vis,
1188 2678 1286 2719 qualis
1309 2678 1414 2717 fuerit,
1438 2691 1528 2710 nemo
1553 2680 1753 2722 expediverit.
1799 2680 1896 2710 Nobis
1921 2681 1949 2710 in
