2201 2990
574 127 730 159 VITAM
756 125 982 156 AUCTORE
1008 123 1301 154 PORPHYRIO.
1333 135 1364 165 p.
1381 124 1456 155 lxix.
1474 125 1538 156 lxx.

1861 125 1931 156 cxxi

182 228 247 248 mos
258 217 326 248 dico
338 215 441 247 referri
453 214 622 256 oportere.''
660 212 753 242 “Nec
769 211 857 241 facile
872 210 1021 247 adducor,
1038 211 1065 237 A
1084 210 1122 249 τῷ
1145 207 1257 247 λέγειν,
1283 208 1328 238 καὶ
1352 208 1410 238 οὐδ’
1435 210 1544 246 ὁπηοῦν
1570 210 1702 246 (ὁποιοῦν
1722 211 1829 249 Vatic.)
1857 212 1924 241 ἀνό-

184 276 218 300 ut
240 268 372 305 credam,
394 266 488 307 hujus
515 264 582 295 libri
608 265 688 303 (περὶ
704 262 836 303 “’Ύψους)
864 269 1021 292 auctorem

184 319 328 362 probasse
343 325 373 348 et
388 317 544 348 adamasse
557 314 667 346 Plotini
685 326 702 344 a
718 313 855 344 Platonis
871 312 1022 354 elegantia

182 379 211 402 et
226 369 375 412 gravitate
394 367 505 398 mirum
523 372 674 408 quantum
691 365 913 406 discrepantem
931 364 1023 394 τύπον

181 423 231 459 τῆς
246 421 359 460 γραφῆς
375 419 421 449 καὶ
433 421 490 448 τῶν
502 419 622 448 ἐννοιῶν
634 416 755 456 τάνδρὸς
766 416 819 454 τὴν
831 415 1022 453 πυκνότητα.”

189 471 298 501 lVev'sk.
319 469 358 500 ad
381 468 517 511 Longin.
539 468 577 499 de
600 467 687 498 Subl.
713 479 743 510 p.
762 475 831 507 217.
873 466 1023 497 Videlicet

182 521 360 552 VVeiskius:
393 523 412 538 ‘⁶
430 519 566 562 Longini
589 518 704 549 nomini
728 518 872 549 nuntium
896 517 1022 555 remisit,

181 580 212 604 et
226 583 380 614 anonymo
394 571 526 613 cuipiam
543 570 657 613 potius,
674 581 767 612 quam
793 569 885 611 hujus
908 569 1021 599 librum
1041 572 1066 599 B
1086 567 1263 597 Libanium.

181 625 247 664 περὶ
268 625 362 663 ὕψους
383 622 625 664 adjudicandum
643 622 773 652 censet.”
798 620 885 651 Idem
904 632 931 661 p,
950 621 1021 651 216.

182 676 253 706 Non
270 682 314 705 est
330 674 423 716 hujus
438 673 495 704 loci
512 673 654 703 dirimere
670 672 845 710 sententias,
862 672 931 713 quis
954 671 1023 702 libri

182 726 232 757 De
256 725 450 757 Sublimitate
472 732 579 755 auctor
602 725 663 760 sit3
705 735 797 766 quam
822 723 1022 765 quaestionem

181 776 287 820 paucis
309 783 379 807 ante
401 776 520 807 obitum
544 775 631 806 annis
653 776 754 818 attigit
776 776 813 806 F.
833 777 874 806 A.
888 775 1024 806 lVolsius

182 828 214 859 in
230 827 388 859 Analectis
404 827 553 858 Literarr.
571 827 698 858 V01.11.
715 839 745 870 p.
758 828 828 868 625.
847 839 925 869 sqq.:
948 826 1024 857 illud

184 879 278 910 teneri
294 879 373 916 volo,
390 886 580 921 quantopere
603 879 641 909 de
664 879 801 910 oratione
818 878 933 909 Plotini
952 890 1024 909 con-

184 930 285 961 veniat
302 930 480 972 Longinum
505 931 584 961 inter
605 938 698 972 atque
716 930 946 973 Porphyrium;
972 930 1025 971 qui

184 981 308 1024 quidem
326 993 418 1023 supra
434 993 459 1012 c.
474 982 528 1012 XI
537 982 571 1012 V.
588 981 654 1012 init.
678 982 721 1012 ita
743 981 863 1012 scribit:
891 983 923 1012 ἐν
939 983 970 1012 δὲ
989 983 1027 1023 τῷ

184 1033 311 1074 γράφειν
326 1034 467 1065 σύντονος
489 1033 596 1073 γέγονε
620 1034 666 1064 καὶ
688 1034 843 1068 πολύνονς,
860 1035 975 1073 βραχύς
997 1046 1028 1064 τε

186 1085 232 1115 καὶ
255 1084 380 1123 νοήμασι
403 1084 573 1121 πλεονάζων
588 1085 604 1123 ἣ
620 1085 732 1123 λέξεσι.
778 1085 928 1127 Aequod
951 1096 1026 1115 non-

185 1135 262 1166 nulli
277 1136 334 1166 viri
349 1136 461 1167 cruditi
478 1148 514 1166 eo
530 1136 731 1167 dubitationis
755 1148 853 1178 usque
877 1136 1029 1178 progressi

185 1194 268 1224 sunt,
286 1194 320 1218 ut
341 1187 527 1224 haesitarent,
544 1195 646 1218 utrum
664 1188 788 1218 omnino
805 1188 919 1218 Plotini
938 1189 1030 1219 verba

185 1238 217 1269 in
234 1238 436 1269 Enneadibus
459 1238 550 1269 hodie
574 1239 722 1281 legamus,
739 1251 777 1269 an
796 1239 957 1282 Porphyrii
977 1252 1030 1280 po-

1084 263 1169 290 δευτα
1193 260 1238 290 καὶ
1261 262 1320 291 τοῖς
1342 262 1466 291 πολλοῖς
1489 263 1546 289 τῶν
1569 261 1728 298 ἀνθρώπων
1751 262 1854 297 αὐτοῖς,
1881 263 1927 292 καὶ

1083 314 1165 341 πᾶσα
1180 312 1314 352 ῥᾳστώνη
1337 313 1428 341 πᾶσιν
1444 311 1516 340 ὠσὶν
1532 312 1676 345 ἐντεῦθεν,
1695 311 1740 341 καὶ
1756 311 1812 341 οὐδ’
1830 313 1926 343 ὁτιοῦν

1839 364 1923 392 Tum

1082 413 1112 444 in
1144 414 1292 456 exemplis
1323 412 1582 454 Philosophorum
1619 412 1713 453 hujus
1746 412 1927 443 characteris

1083 465 1298 507 Potthffl'z'mn.
1315 472 1343 495 et
1358 464 1534 495 Maximum
1552 463 1650 505 ponit,
1663 463 1779 494 addens
1795 465 1928 496 Φοίνικες

1084 517 1115 546 δὲ
1139 517 1217 546 οὗτοι
1241 516 1287 546 καὶ
1309 517 1420 555 Τύριοι,
1438 515 1466 546 in
1486 515 1678 546 Rhetoribus
1700 515 1875 545 Lucianum
1899 523 1928 546 et

1311 568 1507 609 Quapropter
1530 567 1561 603 ii,
1583 567 1636 609 qui
1660 567 1690 597 in
1715 566 1928 602 Enneadibus,

1083 618 1206 659 ingenio
1228 618 1383 660 scriptoris
1406 618 1468 649 alto
1489 626 1519 649 et
1545 618 1638 649 ubere
1663 629 1827 659 rerumque
1852 617 1928 648 adeo

1083 670 1181 712 copia,
1198 669 1361 700 verborum
1379 669 1563 712 parsimonia
1580 677 1614 700 ut
1629 669 1797 711 plurimum
1815 669 1928 699 subob-

1085 722 1190 759 scuris,
1207 721 1415 764 Porphyrium
1434 733 1464 752 se
1480 721 1580 763 legere
1596 721 1773 763 opinantur,
1786 732 1845 751 non
1859 732 1931 751 ocu-

1084 363 1315 402 ἀφιλάνθρωπον
1332 363 1466 401 ἐμπίπτει
1482 364 1612 399 πλῆττον
1628 363 1792 401 τραχύτητι.

1083 774 1205 805 latiores
1234 773 1448 815 acutioresque
1477 773 1620 803 videntur
1647 784 1721 808 esse,
1747 783 1841 813 quam
1868 771 1928 802 fuit

1084 828 1222 858 Joannes
1240 825 1478 861 sarisberiensis,
1496 836 1567 855 cum
1583 824 1727 854 scriberet
1743 823 1772 853 in
1792 822 1926 853 Policra-

1087 878 1146 909 tico
1170 878 1239 909 libr.
1255 878 1333 908 VII.
1350 890 1376 908 c.
1395 887 1442 908 12.
1461 877 1532 907 fin.:
1558 880 1577 894 “
1593 877 1672 906 Sane
1690 875 1932 917 Pmplcyriolum

1045 935 1068 963 C
1086 930 1224 972 ineptum
1247 929 1339 960 credo
1359 929 1382 959 si
1403 928 1445 959 ita
1468 928 1598 970 scripsit,
1617 935 1651 958 ut
1674 938 1780 957 sensus
1802 926 1931 968 intelligi

1062 1012 1065 1013 .
1088 989 1231 1023 nequeat,
1247 981 1303 1011 nisi
1321 980 1499 1017 Aristotele,
1518 980 1646 1010 Platone
1667 987 1696 1009 et
1713 979 1837 1009 I’lotino
1861 990 1930 1020 per-

1087 1034 1200 1064 lectis.”
1245 1034 1291 1063 At
1307 1031 1356 1062 ille
1372 1031 1418 1062 vir
1434 1031 1644 1061 meritissimus
1660 1030 1932 1072 gravissimusque,

1089 1097 1159 1127 quae
1176 1092 1250 1115 tunc
1265 1092 1329 1114 erat
1347 1083 1501 1113 literarum
1519 1083 1665 1119 conditio,
1677 1082 1805 1113 vixdum
1823 1083 1933 1113 Graece

1089 1136 1190 1177 legere
1213 1142 1333 1177 poterat
1355 1135 1513 1166 Plotinum
1536 1141 1565 1165 et
1590 1134 1812 1176 Porphyrium,
1829 1141 1859 1163 et
1882 1133 1935 1163 ad-

1090 1199 1196 1218 versus
1220 1187 1311 1225 hunc,
1330 1194 1438 1229 utpote
1461 1186 1628 1218 Christiani
1649 1185 1780 1216 nominis
1803 1185 1933 1221 hostem,

1634 1238 1679 1267 At
1697 1236 1773 1278 qnid
1797 1235 1935 1266 dicamus

1091 1251 1176 1270 sacro
1199 1239 1301 1270 studio
1323 1246 1491 1269 occaecatus
1513 1245 1588 1268 erat.

186 1289 266 1327 tius3
290 1289 365 1319 illud
382 1289 439 1320 hoc
456 1301 518 1320 uno
533 1290 670 1331 expediri
688 1298 799 1332 potest,
812 1291 897 1332 quod
916 1291 1030 1322 Plotini
1047 1296 1073 1323 D
1091 1292 1130 1322 (le
1152 1291 1220 1327 illis,
1238 1291 1353 1333 quibus
1370 1291 1480 1321 Graeca
1504 1301 1572 1320 cum
1595 1288 1713 1319 Graecis
1736 1285 1936 1329 comparandi

185 1340 218 1371 in
234 1341 436 1371 Enneadibus
457 1342 553 1372 oratio
574 1350 618 1373 est
634 1342 738 1379 densa,
754 1342 884 1380 concisa,
900 1342 1031 1373 obscura

187 1399 218 1423 et
242 1392 422 1434 saepinscule
444 1404 572 1435 aspera:
599 1393 765 1435 Porphyrii
789 1393 891 1435 plana,
916 1393 1029 1431 lucida,

188 1444 291 1474 suavis
306 1451 335 1474 et
350 1444 388 1474 ad
404 1456 597 1475 communem
616 1451 650 1475 ut
672 1445 840 1486 plurimum
862 1445 1032 1486 intelligen—

187 1495 260 1526 tiam
272 1495 423 1537 exposita:
442 1496 605 1538 Eunapius
618 1496 647 1527 in
661 1496 833 1539 l'orphyrio
843 1508 907 1539 μς),
918 1497 1028 1527 Boiss.:

189 1548 205 1577 ὁ
220 1548 275 1585 μὲν
290 1548 346 1586 γὰρ
363 1550 517 1580 Πλωτῖνος
538 1549 576 1589 τῷ
600 1561 632 1578 τε
652 1550 701 1586 τῆς
716 1550 815 1588 ψυχῆς
838 1549 961 1589 οὐρανίῳ
987 1549 1033 1579 καὶ

189 1600 228 1640 τῷ
251 1601 328 1639 λοξῷ
352 1599 397 1628 καὶ
421 1600 624 1638 αι’νιγματώδει
645 1602 702 1629 τῶν
717 1600 816 1639 λόγων
831 1600 924 1639 βαρὺς
940 1601 1033 1630 ἐδόκει

1092 1342 1180 1384 copia
1200 1343 1280 1373 faeta
1303 1343 1371 1372 est?
1403 1342 1477 1383 Ipse
1499 1339 1666 1382 significavi
1690 1339 1720 1369 in
1746 1340 1879 1369 Annott.
1904 1338 1934 1368 in

1092 1394 1269 1430 Enneades,
1288 1405 1350 1424 uno
1364 1392 1522 1434 alteroque
1546 1392 1612 1422 loco
1632 1390 1793 1421 indulsisse
1816 1389 1872 1420 sibi
1894 1389 1937 1419 vi-

1092 1445 1157 1476 deri
1177 1444 1383 1486 Porphyrium
1405 1443 1542 1473 nonnihil
1559 1443 1588 1473 in
1609 1441 1722 1472 Plotini
1747 1440 1865 1483 scriptis
1888 1452 1934 1470 re-

1092 1496 1245 1537 digendis,
1262 1496 1411 1526 hactenus
1428 1494 1631 1537 potissimum,
1649 1501 1683 1524 ut
1699 1493 1851 1524 breviaret
1866 1503 1937 1534 quae

1094 1548 1148 1579 sibi
1167 1548 1268 1578 minus
1288 1547 1455 1578 necessaria
1472 1546 1650 1576 viderentur
1666 1557 1732 1576 v.c.
1750 1544 1781 1574 in
1797 1543 1935 1585 disputa-

1732 1596 1773 1625 At
1789 1594 1859 1636 quis
1879 1593 1936 1624 sibi

1093 1601 1174 1631 tione
1191 1612 1282 1641 super
1298 1598 1479 1630 Enteleehia
1496 1596 1682 1628 Aristotelis.

190 1650 237 1680 καὶ
258 1650 406 1688 δυσήκοος·
431 1651 445 1680 ὁ
463 1652 493 1681 δὲ
511 1651 689 1690 Πορφύριος,
707 1652 806 1690 ὥσπερ
828 1650 971 1690 Ἑρμαϊκή
991 1664 1032 1683 τις
1050 1659 1074 1686 Ε
1093 1651 1270 1694 persuaderi
1288 1651 1432 1692 patiatur,
1450 1649 1660 1691 Porphyrium
1680 1646 1792 1678 Plotini
1815 1653 1934 1676 senten-

189 1703 274 1741 σειρὰ
290 1702 335 1732 καὶ
351 1702 422 1741 πρὸς
438 1703 606 1741 ἀνθρώπους
631 1703 817 1738 ἐπινεύουσα,
835 1705 881 1734 διὰ
902 1705 1034 1742 ποικίλης

189 1754 321 1785 παιδείας
341 1752 436 1783 πάντα
453 1755 493 1785 εἰς
508 1754 540 1783 τὸ
559 1755 726 1793 εὔγνωστον
743 1755 789 1785 καὶ
805 1755 932 1794 καθαρὸν
949 1755 1031 1794 ἐξήγ-

190 1807 309 1843 γελλεν.
337 1804 387 1835 Cf.
403 1804 493 1835 etiam
512 1806 552 1836 L.
566 1805 709 1837 Holsten.
728 1806 766 1837 (le
784 1807 854 1837 Vita
870 1814 899 1837 et
915 1806 1034 1848 seriptis

191 1855 358 1897 Porphyrii
375 1856 432 1886 VI.
450 1868 478 1898 p.
500 1858 549 1887 28.
596 1858 696 1894 Quam
714 1858 858 1888 orationis
874 1858 1032 1888 diversita>

192 1912 253 1936 tem
271 1906 410 1937 universe
433 1919 469 1937 cx
494 1907 615 1938 diversa
638 1909 737 1950 patria
757 1916 851 1951 atque
875 1909 1035 1951 disciplina

193 1956 344 1999 explicare
367 1958 470 1989 studet
488 1959 674 1990 Theodorus
691 1961 864 1991 Bletochita
880 1961 909 1991 in
927 1961 1033 2003 dispu-

1094 1703 1150 1734 tias
1165 1711 1195 1734 et
1210 1702 1323 1745 placita
1338 1702 1401 1733 suis
1416 1701 1527 1738 verbis,
1545 1712 1599 1731 sua
1615 1699 1751 1730 oratione
1771 1696 1936 1728 obduxisse

1093 1763 1124 1786 et
1140 1754 1295 1785 vestiisse?
1336 1752 1517 1784 Istiusmodi
1541 1751 1752 1792 mangonhun,
1769 1748 1830 1779 noli
1847 1747 1936 1778 dubi-

1095 1814 1168 1842 tare,
1190 1805 1335 1836 acerrime
1358 1804 1562 1835 vindicassent
1583 1801 1731 1833 Ecclesiae
1755 1800 1938 1832 Christianae

1095 1858 1268 1899 scriptores.
1313 1857 1379 1887 Nec
1406 1856 1551 1898 profanos
1577 1854 1712 1895 effugere
1737 1859 1857 1894 poterat
1884 1851 1940 1881 iste

1094 1915 1277 1952 personatus
1292 1908 1440 1944 Plotinus,
1455 1907 1504 1937 sed
1523 1919 1540 1937 a
1552 1905 1661 1948 quovis
1673 1904 1760 1935 facile
1775 1902 1938 1939 confutari,

1096 1960 1239 1991 nimirum
1257 1959 1444 2001 compositus
1466 1958 1552 2000 gravi
1568 1969 1637 1988 cum
1661 1956 1759 1987 indice
1782 1962 1812 1986 et
1836 1953 1940 1985 multis

193 2008 324 2039 tatione:
352 2011 440 2045 Quod
463 2022 576 2047 omnes,
599 2013 652 2053 qni
677 2013 709 2041 in.
731 2013 876 2054 A'Eggypw
897 2013 1035 2043 instituti
1056 2016 1077 2043 F
1096 2011 1225 2042 testibus
1240 2011 1355 2048 innixo,
1372 2022 1441 2041 cum
1460 2009 1584 2040 Plotino
1600 2007 1819 2039 Eustochiano.
1860 2006 1939 2036 Nam

180 2061 336 2101 ficerunt,
351 2063 509 2103 asperiore
525 2064 677 2093 orationis
696 2074 813 2105 genere
836 2065 883 2094 uti
906 2064 1033 2094 soleant.

194 2123 226 2154 p.
246 2121 314 2150 124.
332 2112 523 2144 Miscellann.
548 2114 597 2144 ed.
615 2114 759 2145 Mueller.
776 2123 805 2145 et
824 2115 989 2156 Kiessling.
1006 2123 1036 2146 et

194 2163 225 2193 in
251 2163 412 2206 Scriptorr.
437 2165 518 2196 Vett.
542 2166 632 2196 Nova
656 2165 781 2196 Collect.
801 2166 898 2197 Vatic.
924 2167 966 2196 Τ.
986 2168 1034 2197 II.

195 2225 227 2256 p.
244 2215 317 2244 686.
336 2226 402 2256 sqq.
427 2215 473 2246 ed.
491 2218 534 2246 A.
553 2217 642 2253 Maii,
667 2217 750 2247 unde
773 2217 839 2248 haec
862 2230 960 2259 pauca
982 2230 1034 2248 ex-

195 2277 318 2307 cerpere
330 2265 419 2307 juvat
433 2279 440 2296 :
465 2266 480 2297 ὃ
498 2266 520 2297 δ’
538 2268 589 2298 οὖν
605 2269 773 2307 ἐβουλόμην
789 2271 835 2299 διὰ
850 2272 907 2300 τῶν
923 2270 1035 2309 εἰρημέ-

197 2330 255 2347 νων
271 2317 392 2356 ἀνὸρῶν,
411 2318 438 2347 οἲ
455 2317 510 2356 (ita
527 2319 742 2360 corrigendum
767 2326 797 2350 et
820 2320 849 2350 in
868 2320 965 2351 Vatic.
982 2320 1036 2362 qui

1096 2063 1263 2105 posteriore
1285 2062 1387 2092 adhuc
1410 2069 1500 2092 aetate
1518 2059 1758 2091 Eustochianam
1776 2058 1940 2089 editionem

1098 2114 1212 2145 Plotini
1229 2114 1411 2156 scriptorum
1429 2112 1579 2143 exstitisse
1595 2118 1731 2153 arguunt
1747 2109 1875 2146 codices,
1888 2109 1940 2151 qui

1096 2166 1249 2207 hodieque
1273 2172 1451 2206 supersunt,
1475 2163 1558 2194 haud
1582 2162 1684 2205 pauci.
1730 2161 1823 2194 Quod
1848 2171 1941 2202 supra

1097 2218 1134 2248 ad
1152 2229 1217 2259 cap.
1233 2217 1327 2247 XIV.
1342 2215 1407 2246 init.
1425 2214 1529 2245 similis
1544 2214 1601 2244 loci
1615 2212 1792 2244 Plutarchei
1808 2211 1847 2242 (le
1860 2211 1942 2242 Pho-

1097 2269 1190 2301 cionis
1210 2266 1456 2309 breviloquentia
1477 2265 1625 2297 admonui
1646 2265 1676 2295 in
1697 2276 1760 2306 quo
1784 2263 1839 2294 viri
1860 2263 1941 2293 docti

1097 2321 1290 2356 haesitarunt,
1312 2318 1401 2349 liceat
1423 2317 1497 2348 mihi
1520 2317 1551 2348 h.
1569 2316 1588 2347 l.
1612 2327 1711 2346 meam
1734 2315 1940 2357 conjecturam

198 2369 226 2399 οἱ
242 2367 348 2405 habet)
366 2367 472 2400 πάντες
495 2368 537 2398 ἐπ’
559 2368 783 2410 Ἀλεξανδρείας
806 2371 864 2402 κατ’
888 2374 1037 2412 Αἴγυπτον
1056 2380 1081 2407 G
1098 2372 1265 2414 subjicere:
1291 2371 1406 2401 Narrat
1426 2368 1614 2400 Plutarchus
1635 2367 1666 2398 in
1691 2366 1854 2397 Phocionis
1871 2365 1941 2395 Vita

197 2421 233 2450 τὰ
258 2421 307 2457 τῆς
334 2420 442 2458 σοφίας
469 2421 655 2451 ἐσπούδασαν
678 2423 749 2462 ὅπερ
775 2423 861 2461 (Vat.
886 2424 976 2463 ὅπως)
1006 2425 1039 2454 ἐν

198 2472 273 2511 ἀρχῇ
301 2471 477 2510 προυθέμην,
501 2472 544 2502 ὅτι
567 2472 600 2509 δὴ
623 2474 832 2512 παραπλησίως
857 2473 964 2506 πάντες
991 2475 1037 2505 ἐν-

198 2525 290 2553 ταῦθα
312 2523 364 2560 τὴν
380 2523 482 2562 φωνὴν
502 2522 645 2560 ἤσκησαν,
663 2523 840 2563 ἀηθέστερον
864 2525 1038 2566 ἐκτραχυνό-

199 2587 283 2613 μενοι
298 2576 357 2605 τοῖς
373 2575 525 2611 ὀνόμασιν.
546 2572 609 2603 ΘΩν
625 2574 657 2611 δὴ
673 2575 843 2605 τούναντίον
859 2576 936 2607 ἅπαν
952 2590 1039 2608 συνο-

201 2628 256 2666 ρᾷν
273 2627 336 2655 ἐστι
360 2625 406 2655 καὶ
429 2625 658 2664 συλλογίζεσθαι
679 2625 745 2664 περὶ
763 2628 820 2655 τῶν
837 2627 869 2656 ἐν
883 2629 973 2668 Συρίᾳ
996 2629 1042 2659 καὶ

203 2677 324 2715 Φοινίκῃ
350 2676 573 2711 παιδευθέντων,
598 2676 737 2706 λειότατα
760 2678 858 2714 κομιδῆ
884 2677 1042 2717 χρωμένων

255 2737 347 2763 VOL.
368 2739 392 2763 I.

1100 2424 1138 2455 de
1154 2436 1190 2454 eo
1206 2435 1273 2465 cap.
1287 2423 1325 2453 V.
1343 2421 1410 2452 init.
1420 2421 1517 2452 ῑ-διὸ
1534 2420 1580 2451 καὶ
1595 2419 1705 2459 Χάρητι
1720 2419 1791 2448 ποτὲ
1807 2417 1877 2456 πρὸς
1892 2418 1942 2448 τὰς

1100 2477 1191 2515 ὀφρῦς
1213 2476 1301 2505 αὐτοῦ
1322 2474 1455 2513 λέγοντι,
1471 2475 1529 2503 τῶν
1545 2471 1711 2510 Ἀθηναίων
1727 2469 1940 2509 ἐπιγελώντων.

1099 2527 1196 2558 Οὐδὲν
1212 2526 1302 2561 εἶπεν,
1321 2526 1390 2563 αὕτη
1406 2526 1478 2563 ὑμᾶς
1495 2524 1625 2561 ἐλύπησε
1640 2522 1657 2560 ἡ
1673 2521 1773 2560 ὀφρύς·
1798 2521 1813 2550 ὁ
1830 2520 1860 2549 δὲ
1876 2519 1937 2548 τού-

1100 2591 1157 2608 των
1183 2577 1278 2617 γέλως
1303 2577 1404 2606 πολλᾶ
1431 2577 1557 2606 κλαῦσαι
1582 2573 1635 2611 τὴν
1660 2573 1748 2603 πόλιν
1773 2570 1941 2607 πεποίηκεν.

1101 2629 1206 2667 ὁμοίως
1229 2628 1261 2658 δέ
1284 2641 1344 2659 πως
1367 2629 1418 2657 τοῦ
1438 2626 1593 2657 Φωκίωνος
1618 2623 1663 2654 καὶ
1687 2624 1702 2652 ὁ
1725 2622 1814 2660 λόγος
1837 2620 1872 2657 ἦν
1897 2619 1944 2649 ἐπὶ

1101 2681 1239 2720 χρηστοῖς
1255 2678 1433 2718 εὐτυχήμασι
1449 2677 1495 2708 καὶ
1508 2674 1680 2714 διανοήμασι
1693 2671 1841 2711 σωτήριος,
1854 2682 1943 2709 προσ-

1155 2743 1179 2775 q
