2201 2990
605 143 667 183 IN
690 141 797 181 LIB.
820 140 899 179 III.
924 138 1179 178 ENNEAD.
1202 135 1502 176 SECUNDAE.

197 257 256 277 non
279 251 349 275 sunt
372 244 401 274 in
424 242 525 273 animo
547 240 717 282 spirituque
733 237 779 268 vel
802 235 960 267 contraria}
981 234 1026 265 vel

196 288 380 331 qualitates?
408 287 458 316 Ex
487 283 601 314 lumine
631 281 757 312 nimium
788 290 965 321 repercusso
994 278 1028 308 tit

196 338 297 367 zestus,
314 329 441 371 quinon
463 325 564 357 existit
584 325 613 354 in
635 324 768 354 lumine:
794 323 845 352 Ex
865 321 979 351 lumine
996 319 1029 349 li-

196 385 274 415 quor
300 373 330 402 in
352 382 419 401 cera
444 368 545 404 simul,
568 367 747 407 siccitasque
770 365 799 395 in
821 364 904 394 luto:
930 374 1029 404 neque

197 424 296 447 tamen
327 414 356 444 in
384 412 496 443 lumine
526 411 602 441 sicca
628 416 673 440 est
699 408 744 439 vel
776 407 892 449 liquida
920 405 1027 447 passio.

198 459 275 490 Item
292 463 373 487 certa
389 454 542 485 stellarum
557 452 714 494 positione,
726 451 788 482 sive
802 449 984 492 impulsione
999 449 1029 478 in

197 500 282 532 terris
305 499 462 529 elevantur
484 507 612 538 vapores
635 502 664 526 et
689 494 780 531 venti,
805 504 904 534 neque
929 499 1029 522 tamen

196 543 254 574 illic
275 548 328 572 aut
351 540 432 571 venti
453 539 595 582 perflant,
611 546 664 569 aut
687 548 815 579 vapores
837 534 1028 566 obnubilant.

197 584 287 623 Quod
310 590 412 614 autem
429 583 557 613 virtutes
580 581 610 611 in
631 580 706 611 caelo
722 579 810 610 valde
827 579 866 609 ab
887 578 944 615 his,
961 589 1031 619 quae

196 634 335 670 pugnant
357 627 387 656 in
412 625 577 660 elementis,
601 624 707 654 aliena¹
730 623 800 659 siut,
826 622 1032 663 conjectamus

196 682 234 702 cx
249 682 294 708 eo,
310 669 393 711 quod
409 668 551 699 omnibus
567 667 596 697 in
614 667 715 703 rebus,
731 678 801 707 qua*
816 677 852 695 ex
870 664 1032 695 elemento-

196 725 264 744 rum
287 711 486 754 qualitatibus
507 710 751 746 commiscentur,
771 709 874 739 insunt
897 707 1032 737 mirificae

196 756 338 798 quaedam
362 755 449 791 vires,
472 761 502 784 et
526 760 638 795 praeter
661 760 691 783 et
712 763 804 794 super
827 759 952 782 naturas
975 750 1033 780 ele-

196 806 380 835 mentorum,
397 809 473 839 quas
492 796 635 838 speciales
650 795 850 838 proprietates
865 793 1032 836 appellant,

197 842 355 884 speciebus
374 841 421 871 his
440 840 557 871 eaelitus
572 839 744 870 attributas.
791 837 887 868 Mitto
903 844 1030 867 caetera:

198 883 429 916 innumerabilia
458 883 536 914 enim
568 889 650 912 sunt.
696 881 745 912 Sic
775 892 901 922 magnes
926 880 1032 922 polum

198 939 287 959 suum
312 926 450 968 sequitur
477 925 649 962 Arent-um,
672 925 786 955 ferrum
815 935 885 954 vero
910 934 1034 964 magne-

198 977 275 1002 tem:
301 970 342 1000 sic
366 969 461 1011 palcae
482 968 650 1005 succinum,
670 969 740 998 Hoc
756 979 828 997 vero
848 966 951 1008 polum
970 966 1035 996 for—

199 1013 283 1045 tassis
312 1012 538 1043 Antarcticum.
601 1013 661 1042 Per
692 1010 765 1041 tales
794 1022 867 1051 ergo
897 1009 1035 1047 virtutes,

198 1056 303 1098 quales
318 1056 366 1086 lue
382 1063 463 1092 sunt,
480 1063 510 1085 et
525 1054 631 1096 quales
646 1054 675 1084 in
693 1065 883 1084 scammonea
902 1061 1037 1094 purgant

198 1099 301 1136 bilem,
314 1106 344 1129 et
360 1098 389 1128 in
405 1098 538 1129 elleboro
550 1105 646 1128 atram
659 1096 762 1133 bilem,
777 1096 953 1127 Abumasar
968 1107 1037 1137 pro-

199 1143 252 1173 bat
274 1142 444 1184 praecipuas
466 1140 631 1171 caelestium
656 1140 788 1170 actiones
814 1139 946 1181 expleri:
975 1139 1037 1169 sive

201 1186 270 1216 flxae
287 1185 414 1215 virtutes
429 1183 579 1226 ejusmodi
600 1183 659 1214 sint
680 1183 710 1212 in
732 1182 835 1220 stellis,
853 1182 914 1212 sive
933 1181 1036 1223 quoti-

201 1228 299 1259 dianis
314 1239 418 1258 earum
434 1227 607 1269 aspectibus
622 1226 660 1256 ab
676 1226 717 1256 eis
733 1225 788 1256 sibi
807 1225 934 1255 invicem
956 1236 1037 1255 com-

202 1278 358 1313 parentur,
370 1278 462 1311 atquc
477 1270 548 1300 inde
563 1269 601 1300 ad
618 1269 760 1299 inferiora
773 1268 943 1298 mittantur.
969 1269 1038 1298 Me-

202 1314 261 1344 rito
277 1313 370 1355 igitur
388 1314 558 1343 Abumasar
573 1320 603 1343 et
620 1311 733 1342 Albius
750 1311 951 1342 Ptolemaeum
969 1311 1036 1341 ubi-

203 1368 263 1398 que
280 1356 518 1398 reprehendunt,
529 1355 612 1397 quod
628 1355 790 1396 qualitates
804 1354 898 1385 stellis
909 1354 1038 1384 elemen-

203 1399 277 1430 tales
293 1409 322 1430 et
338 1399 416 1429 inter
433 1411 462 1429 se
478 1404 684 1440 repugnantes
704 1409 784 1440 saepe
800 1397 950 1433 tribuerit,
967 1408 1038 1438 pro-

203 1443 350 1483 bantque,
368 1453 427 1472 non
447 1453 510 1472 esse
526 1441 599 1472 tales
622 1442 651 1471 in
674 1440 748 1471 caelo
765 1447 896 1471 naturas.
944 1439 1040 1469 Mitto

204 1496 296 1522 nunc,
313 1485 395 1526 quod
413 1496 472 1515 non
489 1484 586 1515 solum
607 1484 626 1514 ii
647 1495 724 1525 quos
739 1483 814 1521 dixi,
832 1495 849 1513 a
873 1482 1040 1513 Ptolemaeo

203 1528 349 1558 dissident
365 1535 457 1569 atque
473 1527 547 1562 aliis,
566 1527 617 1557 sed
639 1526 825 1558 Ptolemaeus
841 1526 847 1556 i
861 1538 905 1556 ise
923 1525 1038 1555 dissen-

204 1571 241 1602 tit
255 1570 294 1601 ab
310 1570 385 1607 aliis,
400 1570 453 1600 ubi
469 1570 507 1600 de
524 1569 659 1600 terminis
678 1569 815 1611 loquitur
835 1538 1039 1611 planetarum,

204 1621 369 1655 narratque
398 1613 472 1643 alios
500 1613 579 1643 inter
609 1624 639 1643 se
669 1612 822 1643 dissidere.
872 1611 1040 1654 AEgyptios

204 1657 283 1688 enim
306 1668 324 1687 a
344 1656 475 1686 dominis
495 1656 657 1686 domorum
683 1655 813 1686 maxime
836 1654 939 1685 solitos
965 1654 1041 1685 acci-

205 1711 276 1742 pere
298 1699 458 1730 terminos:
484 1699 647 1729 Chaldaeos
672 1706 774 1729 autem
798 1710 815 1729 a
838 1698 970 1728 dominis
990 1697 1041 1728 tri-

205 1742 386 1784 plicitatum‚
397 1742 491 1783 idque
506 1741 648 1772 latissime
663 1742 813 1772 confutat.
838 1741 945 1778 Mitto,
956 1740 1041 1782 quod

207 1786 235 1816 in
252 1785 423 1827 aspectibus
433 1785 731 1827 exaltationibusque
744 1784 936 1815 dissentiunt.
970 1785 1042 1814 Pto-

207 1828 331 1858 lemaeus
345 1828 423 1858 enim
440 1840 458 1858 a
474 1828 560 1870 signo
578 1828 753 1870 simpliciter
768 1827 806 1857 ad
823 1827 942 1869 signum
959 1839 964 1857 ;
992 1827 1042 1857 alii

208 1871 333 1912 quidam
349 1882 366 1900 a
381 1871 480 1912 gradu
496 1871 666 1901 metiuntur
681 1871 720 1901 ad
735 1870 879 1912 gradum.
915 1869 1043 1900 Exalta-

208 1914 304 1944 tiones
313 1925 436 1955 quoque
447 1913 637 1956 planetarum
653 1914 838 1944 Ptolemaeus
848 1913 877 1943 in
891 1920 955 1944 toto
968 1925 1043 1955 quo-

210 1956 280 1986 dam
303 1955 388 1997 signo
409 1964 498 1998 putat
519 1956 726 1999 accipiendas:
751 1956 800 1987 alii
816 1968 889 1987 vero
904 1956 1042 1986 nonnulli

209 2011 227 2029 a
241 2005 323 2030 certo
338 1999 470 2039 quodam
483 1999 580 2041 spatio
595 2000 680 2041 signi.
728 1999 872 2030 Similiter
892 1999 930 2029 de
953 1999 1044 2041 signi-

211 2042 332 2072 ficatore
347 2041 417 2072 vitae
440 2049 469 2072 et
492 2042 530 2072 de
552 2054 700 2073 annorum
724 2043 830 2073 datore
848 2042 1042 2073 dissentiunt.

213 2084 319 2115 Redeo
341 2095 505 2126 parumper
526 2085 565 2115 ad
585 2085 756 2127 qualitates.
803 2087 883 2116 Cum
908 2086 1044 2116 Martem

212 2128 334 2169 igneum
351 2138 413 2157 esse
428 2127 624 2166 arbitrentur,
639 2140 694 2159 cur
714 2140 774 2159 non
790 2128 820 2159 in
838 2128 979 2159 Piscibus
993 2140 1043 2159 ca-

212 2170 283 2200 dere
305 2169 431 2200 tradunt
453 2170 564 2211 potius,
580 2182 672 2212 quam
696 2171 725 2201 in
751 2171 871 2202 Libra?
896 2173 948 2201 An
972 2172 1046 2213 quia

214 2213 307 2244 Libra
322 2212 451 2242 maxime
471 2212 562 2243 distat
580 2214 618 2244 ab
636 2214 737 2244 Ariete
752 2214 905 2245 domicilio
922 2215 1042 2245 Martis

214 2255 275 2287 Sed
299 2255 436 2297 profecto
459 2256 554 2297 major
573 2264 618 2286 est
642 2256 785 2287 distantia
805 2264 934 2294 naturae,
950 2269 1044 2299 quam

214 2299 306 2329 situs:
332 2297 428 2338 magis
443 2298 546 2339 itaque
566 2298 737 2341 discrepant
752 2300 791 2330 ab
808 2299 915 2330 Ariete
936 2301 1043 2342 pisces,

215 2350 248 2372 ut
267 2341 353 2371 aiunt
375 2340 475 2382 aquei,
492 2352 584 2382 quam
607 2341 687 2372 aeria
707 2342 814 2373 Libra.
859 2344 995 2373 Curnam
1013 2344 1044 2374 in

217 2384 312 2415 Libra
334 2383 441 2413 volunt
461 2383 586 2413 exaltari
611 2385 788 2422 Saturnum,
804 2396 896 2426 quem
913 2391 1045 2417 terreum

214 2439 277 2458 esse
307 2428 439 2468 putant?
465 2425 625 2456 l’rolixum
655 2427 732 2458 foret
762 2428 898 2469 ejusdem
928 2429 1047 2469 generis

215 2477 324 2501 caetera
339 2480 502 2499 recensere.
535 2469 710 2500 Redeamus
720 2470 785 2511 jam
797 2470 837 2500 ad
851 2470 963 2500 Plotini
975 2483 1046 2502 con-

214 2513 392 2548 clusionem,
420 2512 528 2542 Refert
557 2511 681 2553 quidem
711 2512 856 2554 primum,
881 2512 1048 2555 astrologos

215 2555 353 2586 arbitrari
372 2565 620 2596 unamquamque
637 2566 690 2596 per
705 2566 735 2585 se
752 2554 867 2585 stellam
884 2567 972 2585 suum
995 2557 1048 2587 ali-

216 2598 290 2640 quid
309 2609 417 2639 agcre:
444 2609 480 2627 cx
501 2596 617 2627 cunctis
634 2609 704 2627 vcro
727 2597 853 2627 invicem
876 2599 1049 2640 conspiran-

217 2641 298 2672 tibus
313 2652 427 2671 novum
448 2640 563 2681 aliquid
588 2647 735 2681 praetcrea
756 2640 872 2670 confici.
918 2642 967 2671 Ex
986 2654 1049 2683 quo

218 2691 311 2725 patet,
329 2695 365 2714 ex
389 2683 445 2720 his,
461 2682 536 2725 quid
559 2683 750 2725 potissimum
775 2683 944 2725 proveniat,
963 2684 1049 2726 judi-

1828 152 1904 189 213

1072 246 1140 264 care
1156 233 1306 263 neminem
1331 232 1491 274 perspicue
1514 243 1611 274 posse.
1657 232 1778 262 Deinde
1793 233 1908 273 signiti-

1071 284 1130 313 cat,
1143 276 1312 316 astrologos
1328 286 1386 305 non
1413 275 1524 305 babere
1544 274 1680 310 modum,
1698 286 1760 315 quo
1781 275 1910 316 planetae

1073 325 1175 359 agant,
1188 329 1382 359 qua-cunque
1393 317 1538 347 dicuntur
1549 317 1673 346 efficere.
1708 318 1817 357 Neque
1830 318 1909 347 enim

1072 361 1119 392 vel
1136 361 1261 403 proprio
1276 360 1407 402 quisque
1424 360 1469 390 vcl
1494 359 1647 390 communi
1671 359 1772 389 cuncti
1789 360 1911 389 consilio

1073 404 1211 445 indigent
1231 403 1271 434 ad
1290 403 1444 444 agcndum
1460 415 1465 433 :
1491 402 1640 444 siquidem
1664 401 1816 432 naturales
1834 402 1913 431 infra

1073 447 1178 478 lunam
1194 458 1293 477 causa*
1310 454 1419 476 natura
1442 458 1496 476 sua
1517 445 1672 475 sufficiunt
1691 444 1729 474 ad
1745 444 1911 485 agendum,

1074 502 1174 532 neque
1199 489 1356 520 consilium
1380 489 1509 530 exigunt
1536 488 1632 518 ullum
1657 487 1736 517 ultra
1759 494 1909 517 naturam.

1076 534 1186 575 Neque
1210 544 1315 563 rursus
1338 544 1408 563 cum
1431 531 1525 562 stella*
1541 531 1654 561 faciant
1677 530 1742 561 haec
1758 541 1842 560 more
1857 541 1911 559 na-

1076 584 1166 614 turae,
1190 575 1287 612 aliter,
1313 575 1359 605 vel
1383 575 1441 605 alia
1464 574 1591 611 faciunt,
1615 585 1708 615 quam
1729 573 1792 603 ficri
1820 572 1914 614 possit

1075 626 1179 650 tenore
1203 626 1331 656 natura,
1348 618 1487 659 quamvis
1511 616 1706 659 praestantius
1726 624 1819 657 atque
1837 627 1914 657 prae-

1076 662 1221 693 stantiora
1247 661 1370 699 faciant,
1390 661 1530 691 videlicet
1557 659 1767 702 praestantiore
1795 666 1914 689 natura.

1078 707 1147 736 Non
1164 717 1237 746 ergo
1253 704 1417 746 prophetas
1433 704 1578 740 efficiunt,
1595 714 1654 733 non
1674 702 1829 740 miracula,
1844 713 1915 743 quae

1076 749 1141 779 fieri
1157 748 1270 778 debent
1286 747 1464 778 divinitate:
1490 758 1549 777 non
1567 746 1743 787 theologos:
1770 756 1829 775 non
1845 756 1916 786 geo-

1076 799 1198 829 metras,
1222 791 1275 832 qui
1300 798 1400 821 mente
1423 791 1512 827 flunt,
1537 797 1566 820 et
1594 796 1676 819 arte:
1704 800 1764 818 non
1787 787 1914 818 divites:

1077 847 1136 865 non
1154 846 1255 877 reges:
1281 845 1341 864 non
1358 834 1404 863 his
1418 833 1585 876 oppositos,
1600 832 1653 874 qui
1675 831 1849 874 prudentia,
1866 842 1916 860 oe-

1077 878 1205 916 casione,
1223 878 1327 908 favore
1343 877 1432 915 fiunt,
1450 876 1496 907 vel
1513 876 1725 917 impediuntur
1740 873 1898 916 oppositis.

1096 966 1199 992 Errant
1215 966 1410 1000 astrologorum
1427 965 1458 990 de
1474 964 1603 995 Saturno,
1621 967 1646 989 et
1660 963 1760 994 Marte,
1775 966 1800 989 et
1816 962 1903 988 Luna.

1124 1013 1162 1043 V.
1187 1013 1224 1042 In
1241 1012 1339 1054 capite
1356 1011 1423 1042 libri
1440 1010 1549 1052 quinto
1565 1021 1680 1040 errores
1696 1009 1919 1051 astrologorum

1080 1055 1278 1097 prosequitur
1294 1054 1385 1085 latius
1401 1062 1431 1084 et
1447 1053 1626 1095 insequitur.
1674 1054 1840 1083 Saturnum
1858 1060 1920 1082 tra-

1080 1098 1170 1135 dunt,
1195 1098 1268 1140 quia
1290 1097 1327 1128 sit
1345 1097 1487 1138 frigidus,
1511 1097 1616 1127 obesse
1639 1103 1768 1133 naturae,
1791 1095 1921 1136 ideoque

1081 1150 1222 1183 separant
1238 1141 1276 1171 ab
1291 1141 1473 1171 ascendente
1489 1140 1539 1179 (ut
1555 1139 1655 1179 aiunt)
1674 1139 1745 1168 vitre
1761 1138 1919 1180 principio.

1081 1186 1190 1226 Atque
1207 1192 1241 1215 ut
1261 1183 1332 1214 inde
1354 1183 1486 1213 maxime
1509 1189 1660 1224 separent,
1678 1181 1770 1212 stulte
1793 1181 1921 1211 nimium

1080 1227 1109 1257 in
1126 1227 1308 1257 duodecima
1323 1226 1482 1257 collocant.
1520 1226 1597 1262 Qua·
1611 1224 1736 1266 quidem
1754 1224 1849 1261 sodes,
1867 1223 1922 1254 etsi

1080 1270 1214 1312 quodam
1245 1269 1369 1300 illorum
1399 1267 1599 1310 computandi
1636 1278 1720 1297 more
1747 1267 1870 1297 videtur
1905 1279 1924 1297 a

1080 1324 1180 1355 prima
1208 1323 1345 1343 omnium
1369 1319 1578 1346 remotissnna,
1602 1322 1634 1341 re
1657 1321 1730 1340 vera
1754 1317 1854 1340 tamen
1878 1317 1921 1340 est

1081 1356 1232 1398 proxima.
1282 1356 1342 1385 Est
1372 1354 1451 1385 enim
1479 1353 1597 1384 Orienti
1622 1353 1767 1384 continua
1790 1364 1922 1390 sursum,

1083 1399 1206 1440 quodve
1221 1398 1357 1429 ascendit
1373 1397 1457 1427 sidus
1477 1408 1548 1427 mox
1568 1403 1712 1438 properat
1728 1396 1758 1426 in
1774 1395 1923 1426 duodeci-

1083 1453 1182 1471 mam:
1200 1441 1304 1483 itaque
1320 1442 1488 1471 Saturnum
1506 1439 1535 1469 in
1552 1440 1682 1481 septima
1698 1446 1843 1480 tanquam
1860 1450 1924 1469 om-

1084 1484 1168 1514 nium
1186 1484 1403 1515 (listantissima
1418 1482 1607 1525 probabilius
1623 1482 1829 1513 collocassent.
1863 1481 1924 1512 Sed

1084 1539 1122 1558 ne
1138 1528 1168 1558 id
1184 1527 1310 1569 quidem
1327 1526 1446 1563 volunt,
1464 1538 1500 1556 ne
1517 1525 1710 1556 nascentibus
1731 1532 1921 1567 opponatur:

1084 1570 1135 1601 sed
1151 1571 1181 1601 in
1199 1578 1330 1612 utroque
1347 1569 1467 1600 sibimet
1482 1580 1655 1610 repugnare
1671 1568 1833 1598 videntur:
1852 1579 1923 1598 nam

1085 1615 1219 1644 Saturno
1234 1621 1264 1644 et
1284 1612 1450 1643 ascendens
1469 1612 1528 1642 alia
1550 1612 1666 1642 ratione
1690 1610 1787 1641 solent
1806 1622 1922 1641 accom-

1085 1657 1219 1694 modare,
1231 1664 1261 1687 et
1275 1656 1366 1698 primi
1382 1662 1548 1697 conceptus
1561 1654 1732 1685 exordium.
1772 1655 1925 1685 Praeterea

1085 1700 1193 1730 dicunt
1225 1701 1393 1730 Saturnum
1420 1699 1618 1739 Martemque
1644 1705 1709 1727 tum
1734 1697 1924 1738 conjunctos,

1085 1750 1152 1774 tum
1178 1742 1334 1785 oppositos
1360 1742 1438 1772 inter
1468 1753 1498 1771 se
1525 1741 1611 1771 nobis
1637 1740 1750 1770 obesse.
1798 1740 1926 1770 Rectius

1086 1786 1165 1816 forte
1187 1785 1346 1822 dixissent,
1363 1785 1406 1815 ita
1429 1784 1560 1814 maxime
1586 1783 1710 1814 Saturni
1726 1782 1925 1824 frigiditatem

1086 1829 1184 1860 calore
1206 1828 1329 1865 Martis,
1354 1828 1510 1869 hujusque
1532 1827 1682 1857 fervorem
1710 1826 1790 1856 illius
1812 1826 1926 1868 frigore

1087 1872 1260 1914 temperari.
1305 1871 1507 1912 Adjungunt‚
1541 1871 1708 1900 Saturnum
1738 1868 1874 1910 quidem,
1903 1869 1925 1899 si

1086 1915 1135 1945 die
1152 1914 1345 1945 nascentibus
1361 1914 1398 1944 sit
1419 1925 1511 1955 super
1527 1920 1649 1949 terram,
1666 1920 1720 1943 aut
1740 1923 1836 1954 prope
1858 1912 1927 1942 Ori-

1086 1965 1197 1995 entem,
1225 1958 1336 1988 diurno
1358 1956 1457 1987 calore
1481 1963 1697 1998 temperatum,
1721 1962 1794 1985 tunc
1819 1954 1925 1997 propi-

1087 2001 1165 2031 tium
1189 2001 1275 2031 nobis
1299 2000 1437 2031 evadere.
1485 2001 1593 2041 Atque
1615 1998 1705 2029 etiam
1723 1998 1803 2028 sisic
1819 2009 1925 2028 ascen-

1087 2044 1150 2081 dat,
1172 2044 1326 2086 praecipue
1355 2043 1385 2073 in
1417 2042 1553 2084 Aquario
1582 2053 1642 2072 non
1668 2041 1774 2071 obesse
1797 2048 1924 2071 naturae.

1090 2088 1225 2117 Martem
1242 2098 1314 2117 vero
1330 2093 1475 2128 tanquam
1499 2085 1624 2127 igneum
1644 2096 1707 2115 esse
1723 2084 1752 2114 in
1770 2090 1858 2114 nocte
1873 2095 1927 2125 po-

1088 2130 1235 2167 nendum,
1259 2129 1321 2160 sive
1342 2129 1400 2159 sub
1423 2135 1528 2167 terras,
1545 2140 1582 2158 ne
1605 2127 1703 2158 calore
1726 2126 1795 2157 solis
1810 2127 1926 2157 ferveat

1089 2172 1314 2203 vehementius:
1339 2180 1433 2213 atque
1457 2171 1487 2202 in
1513 2171 1570 2201 hoc
1599 2170 1745 2207 similiter,
1774 2177 1808 2200 ut
1835 2181 1926 2212 saepe,

1088 2216 1227 2246 delirant.
1275 2217 1355 2246 Cum
1382 2214 1461 2245 enim
1489 2214 1599 2244 umbra
1629 2221 1729 2250 terrae,
1758 2212 1839 2243 unde
1866 2224 1927 2243 nox

1087 2259 1239 2301 provenit,
1255 2258 1307 2289 vix
1330 2258 1370 2288 ad
1391 2257 1497 2288 lunam
1521 2268 1619 2298 usque
1641 2255 1810 2298 perveniat,
1826 2255 1928 2286 omnia

1087 2302 1224 2333 omnium
1242 2313 1335 2343 supra
1351 2301 1453 2331 lunam
1471 2299 1626 2330 stellarum
1649 2298 1765 2329 lumina
1784 2298 1928 2329 continue

1088 2357 1118 2376 se
1142 2345 1227 2375 nullo
1256 2344 1475 2375 interveniente
1504 2343 1704 2384 contingunt:
1730 2341 1928 2383 similiterque

1090 2400 1209 2431 semper
1236 2388 1265 2418 in
1289 2387 1339 2417 die
1365 2394 1447 2425 sunt,
1471 2397 1629 2427 nunquam
1654 2396 1726 2416 vero
1749 2384 1806 2415 sub
1829 2392 1926 2415 nocte.

1091 2431 1231 2461 Maxime
1249 2442 1321 2461 vero
1341 2430 1478 2460 omnium
1499 2429 1538 2459 ab
1561 2429 1671 2459 umbra
1693 2435 1723 2458 et
1749 2427 1927 2469 frigiditate,

1090 2485 1161 2515 quae
1176 2474 1240 2504 duo
1256 2480 1345 2504 terrae
1364 2472 1487 2514 propria
1502 2479 1584 2509 sunt,
1602 2472 1753 2502 Saturnus
1770 2478 1928 2512 separatus

1091 2516 1212 2547 existit:
1237 2523 1272 2547 ut
1296 2516 1370 2546 nihil
1391 2515 1555 2546 absurdius
1570 2514 1721 2550 videatur,
1738 2524 1830 2555 quam
1847 2513 1928 2542 hunc

1092 2559 1256 2590 obscurum
1280 2558 1491 2601 frigidumque
1517 2569 1637 2588 vocare.
1684 2558 1837 2587 Przeterea
1859 2566 1928 2585 con-

1091 2613 1214 2632 cursum
1240 2603 1341 2632 Lunae
1363 2613 1433 2632 cum
1459 2603 1602 2637 Saturno,
1620 2599 1667 2630 vel
1692 2600 1794 2629 Marte
1811 2598 1928 2637 vitupe-

1092 2654 1158 2674 rare
1174 2644 1281 2675 solent.
1327 2645 1512 2685 Quanquam
1533 2643 1556 2673 si
1573 2642 1619 2672 vel
1643 2642 1731 2683 plena
1746 2640 1859 2670 lumine
1876 2641 1928 2669 Sa-

1094 2693 1219 2718 turnum
1237 2687 1355 2724 subeat,
1372 2686 1419 2717 vel
1437 2697 1532 2717 vacua
1548 2686 1694 2721 Martem,
1708 2683 1851 2714 damnare
1867 2693 1927 2712 non
