2201 2990
609 400 1104 460 MARSILII
1175 397 1511 456 FICINI

1032 523 1067 545 IN

573 614 704 653 LIB.
746 613 866 652 VIII.
906 613 1214 654 ENNEAD.
1263 610 1564 656 TERTIAE,

407 725 483 765 DE
516 724 772 770 NATURA,
804 724 880 763 ET
910 720 1464 767 CONTEMPLATIONE‚
1495 720 1570 759 ET
1602 720 1731 765 UNO,

794 845 1345 898 ARGUMENTUM.

771 1143 955 1179 SUMMA
982 1142 1168 1177 TOTIUS
1196 1142 1351 1181 LIBRI,

206 1242 418 1282 Naturalia
449 1243 556 1282 fiunt
583 1257 607 1282 a
635 1243 718 1282 vita
748 1242 922 1296 quadam
953 1246 1098 1294 agente
1127 1254 1198 1293 per
1228 1239 1402 1278 rationes
1432 1239 1546 1292 quasi
1577 1239 1918 1292 contemplativas,

698 1306 772 1345 sibi
794 1305 946 1344 infusas
965 1306 1016 1343 ab
1036 1303 1249 1343 intellectu
1268 1303 1416 1342 divino.

205 1386 509 1440 PHILOSOPHI
527 1409 685 1451 quondam
702 1408 842 1440 nonnulli
867 1408 1042 1450 simpliciter

206 1452 359 1483 naturales
383 1452 535 1494 putabant
559 1452 709 1483 naturalia
731 1453 832 1482 omnia
853 1464 872 1482 a
895 1451 1043 1493 qualitate

204 1495 337 1536 quadam
368 1495 539 1526 elementali
566 1503 715 1537 motuque
736 1494 885 1542 generali,
913 1506 947 1525 ac
972 1494 1043 1524 talia

204 1549 366 1579 provenire
382 1538 429 1568 vel
445 1537 515 1568 talia
535 1549 592 1580 pro
606 1538 720 1569 virtute
741 1537 908 1579 qualitatiS,
925 1549 996 1585 quae
1011 1537 1041 1567 in

203 1588 314 1622 agente
329 1581 456 1623 xigeiet,
469 1588 499 1611 et
515 1592 571 1623 pio
585 1581 715 1612 efficacia
731 1589 831 1611 motus
847 1580 938 1610 inde
933 1591 962 1610 ιιι
978 1591 1041 1610 ma-

204 1623 311 1654 teriam
327 1607 501 1671 desinentis,
515 1635 569 1654 nec
584 1624 631 1654 his
641 1635 770 1666 praeesse
784 1623 929 1654 rationem
946 1622 1039 1653 ullam

203 1666 313 1697 modo
307 1666 422 1697 intimae
432 1678 466 1696 ιιι
469 1666 505 1697 tis
520 1674 671 1708 agentem
706 1666 846 1697 Plotinus
861 1674 963 1697 autem
976 1677 1040 1696 cor-

204 1709 323 1751 porales
337 1709 500 1751 qualitates
514 1717 544 1740 et
559 1717 661 1740 motus
676 1710 747 1740 duci
763 1709 830 1740 vult
844 1709 905 1739 ab
899 1720 1039 1751 incorpo-

204 1763 255 1783 rea
269 1753 368 1783 forma
383 1763 444 1782 non
460 1752 597 1794 subjecta
614 1752 758 1789 motibus,
776 1752 829 1783 sed
844 1752 1037 1794 praesidente‚

203 1806 296 1836 quam
312 1803 399 1826 vocat
414 1802 555 1826 naturam
572 1795 772 1825 universalem
788 1803 881 1837 atque
896 1795 1038 1837 primam.

205 1839 349 1868 Formam
369 1838 437 1868 dico
457 1838 686 1869 substantialem
707 1845 800 1880 atque
817 1837 951 1876 vitalem,
968 1849 1038 1880 quae

205 1892 259 1911 nee
282 1881 344 1911 ulla
366 1881 404 1911 sit
425 1892 588 1923 corporum
611 1881 752 1923 qualitas,
768 1888 803 1911 ut
818 1881 911 1922 possit
934 1892 1038 1912 omnes

205 1923 319 1965 pariter
343 1935 511 1966 procreare,
528 1935 583 1954 nec
606 1924 670 1954 solo
691 1924 809 1965 impetu
832 1930 933 1954 motus
954 1933 1036 1965 agat,

206 1973 240 1997 ut
255 1966 415 2008 disponere
430 1966 523 2007 possit
534 1967 635 1997 omnia
650 1966 856 1997 moderamine
868 1974 966 1997 certo:
985 1967 1037 1997 sed

204 2016 275 2051 agat
291 2021 345 2040 sua
356 2009 490 2051 quadam
502 2009 617 2040 ratione
634 2009 764 2047 formali,
773 2018 803 2040 et
819 2009 949 2040 naturali
963 2021 1038 2051 qua-

204 2052 274 2082 dam
291 2059 372 2083 arte:
398 2052 524 2094 perinde
539 2064 573 2083 ac
589 2052 610 2082 si
629 2052 790 2083 artificiosa
805 2052 892 2089 ratiO,
908 2064 978 2094 quae
994 2059 1038 2083 est

204 2094 343 2125 accidens
357 2095 387 2125 in
403 2095 527 2133 artifice,
544 2094 581 2125 sit
601 2095 717 2137 aliquid
733 2107 787 2137 per
808 2107 838 2125 se
859 2095 1035 2133 subsistens,

204 2138 345 2179 quamvis
369 2138 447 2168 intra
470 2137 643 2168 materiam:
668 2146 760 2179 atque
782 2138 825 2169 ita
851 2145 959 2180 suapte
982 2149 1035 2168 na-

206 2188 275 2211 tura
301 2188 371 2222 agat
395 2180 564 2217 artificiose,
592 2188 626 2211 ut
655 2180 763 2211 artifex
787 2180 945 2212 artificiose
973 2181 1037 2223 agit

204 2223 365 2254 electione:
391 2223 452 2253 imo
477 2223 518 2253 sic
540 2223 671 2254 naturali
690 2231 754 2254 arte
776 2231 847 2265 agat
866 2223 1036 2261 artificiose,

205 2266 282 2296 sieut
306 2266 385 2307 ignis
406 2265 537 2296 naturali
563 2266 661 2296 calore
683 2266 861 2297 naturaliter
889 2266 1037 2298 calefacit.

207 2308 292 2339 Huic
308 2320 380 2351 ergo
395 2308 444 2338 viv
447 2321 473 2339 ιιι
487 2308 679 2356 naturalique
694 2309 803 2339 lationi
818 2317 926 2357 parent
941 2309 1037 2352 quali-

205 2359 282 2382 tates
304 2358 334 2381 et
340 2335 468 2389 ²5¹motus,
486 2359 521 2382 ut
543 2351 762 2382 instrumenta:
788 2352 905 2382 tametsi
921 2352 1036 2400 absque

205 2402 291 2425 motu
313 2405 458 2441 corporeo
481 2405 661 2442 corporeum
684 2394 747 2425 edit
771 2402 900 2432 motum,
921 2403 951 2426 et
973 2407 1036 2426 Sine

205 2436 373 2484 qualitate
368 2448 446 2477 ignis
460 2443 586 2484 generat
606 2448 719 2479 ignem,
735 2449 769 2467 ac
792 2437 855 2468 sine
875 2438 1034 2469 manifesto

205 2491 318 2510 senune
347 2480 457 2521 passim
488 2491 537 2509 ιιι
540 2479 620 2510 entia
647 2487 789 2522 generat:
829 2486 936 2521 utpote
965 2492 1035 2522 quae

204 2522 393 2553 essentiales
387 2534 417 2552 ιιι
433 2534 463 2552 se
475 2521 494 2552 h
497 2522 585 2552 abeat
600 2530 629 2553 et
642 2522 868 2553 vivasomnium
884 2523 1032 2554 rationes:

204 2565 289 2607 quod
312 2565 382 2595 satis
403 2565 432 2595 in
456 2564 608 2606 tlicolofria
628 2573 729 2596 nostra
751 2565 926 2607 probamus,
943 2574 973 2597 et
994 2567 1036 2597 ita

205 2608 236 2638 in
260 2607 421 2650 praesentia
444 2608 576 2638 breviter
597 2608 820 2638 confirmamus.
866 2609 966 2650 Super
980 2620 1035 2640 nu-

205 2651 357 2682 tritionem
374 2659 403 2681 et
425 2658 637 2692 augmentum,
652 2662 723 2692 quae
738 2657 808 2682 sunt
828 2651 1036 2693 generationes

262 2709 354 2734 VOL.
378 2710 404 2733 Ι.

1086 1407 1241 1449 quaedam,
1264 1414 1309 1437 est
1331 1406 1395 1448 ipsa
1419 1405 1594 1447 simpliciter
1615 1405 1781 1453 generatio,
1797 1418 1868 1447 quae
1890 1414 1919 1437 et

1085 1462 1117 1480 ιιι
1133 1451 1179 1481 his
1193 1449 1336 1481 omnibus
1354 1456 1534 1479 reservatur
1580 1449 1660 1479 Cum
1684 1448 1778 1490 igitur
1800 1449 1830 1479 h
1823 1461 1849 1479 ιε
1868 1461 1919 1491 ge-

1086 1493 1255 1524 neiationes
1267 1491 1421 1534 quaedam,
1435 1491 1566 1522 vitarum
1578 1491 1771 1533 quarundam
1784 1492 1831 1522 vel
1843 1504 1919 1534 quo-

1085 1536 1215 1567 rundam
1234 1535 1399 1566 viventium
1415 1546 1522 1582 opeia.
1523 1534 1593 1572 sint,
1609 1534 1753 1565 nimirum
1769 1534 1835 1577 ipsa
1850 1546 1919 1565 srm-

1085 1579 1203 1621 pliciter
1214 1587 1243 1610 et
1259 1579 1356 1620 prima
1371 1577 1635 1619 ςοιιιιιιιιιιίειιιιεὗ
1618 1577 1770 1608 σοιιθιιιῐίο
1781 1585 1825 1608 est
1841 1590 1918 1620 opus

1085 1622 1260 1664 simpliciter
1275 1621 1357 1658 vita,
1366 1621 1500 1663 vitaque
1513 1620 1682 1651 communis
1698 1627 1797 1651 totum
1813 1632 1918 1663 iegen-

1085 1665 1122 1696 tis
1144 1665 1306 1696 mundum.
1353 1665 1461 1705 Atque
1480 1675 1550 1694 cum
1573 1663 1604 1693 in
1625 1663 1704 1693 mole
1727 1664 1834 1694 mundi
1857 1675 1917 1695 non

1085 1708 1144 1738 sint
1158 1715 1240 1739 certa
1262 1707 1375 1755 ubique
1393 1718 1506 1737 semma
1524 1706 1726 1748 corporalium
1748 1706 1916 1745 manifesta,

1081 1751 1239 1798 profecto
1234 1762 1265 1781 m
1286 1762 1353 1792 ipsa
1369 1750 1462 1780 totius
1476 1749 1539 1780 vita
1562 1757 1633 1780 sunt
1652 1760 1777 1787 semma,
1794 1756 1824 1780 et
1843 1761 1915 1791 pro-

1081 1805 1156 1836 priae
1171 1793 1301 1824 rationes
1317 1793 1466 1823 seminum
1486 1804 1651 1834 rerumque
1671 1792 1829 1823 sensibus
1821 1804 1914 1835 appa-

1082 1837 1225 1867 lentium.
1271 1837 1392 1867 Natura
1408 1835 1499 1873 enim,
1512 1847 1583 1877 quae
1596 1847 1659 1866 Sine
1673 1835 1818 1866 electione
1834 1836 1916 1873 facit,

1082 1879 1172 1910 insita
1186 1880 1285 1910 forma
1300 1879 1382 1916 facit,
1399 1886 1429 1909 et
1453 1884 1550 1909 certas
1571 1878 1685 1920 ubique
1701 1878 1813 1908 formas
1827 1879 1915 1909 certis

1082 1923 1248 1953 necessario
1262 1922 1378 1959 formis,
1394 1921 1426 1952 id
1441 1928 1496 1958 est,
1512 1921 1682 1952 rationibus
1703 1921 1914 1952 seminalibus.

1081 1966 1195 2007 quibus
1207 1977 1277 1996 sane
1293 1972 1439 2006 tanquam
1455 1964 1631 2006 principiis
1622 1972 1715 2006 atque
1727 1964 1841 2005 regulis
1852 1976 1915 1995 mo-

1082 2015 1132 2039 tus
1147 2020 1262 2046 omnes,
1277 2020 1331 2050 qul
1352 2019 1406 2050 per
1426 2019 1457 2038 se
1479 2007 1703 2038 indeterminati
1726 2013 1809 2044 sunt,
1832 2015 1915 2038 certo

1081 2051 1216 2093 quodam
1240 2059 1343 2082 tenore
1362 2050 1497 2087 definiat,
1515 2057 1546 2081 et
1567 2050 1740 2092 qualitates,
1756 2062 1827 2091 quae
1850 2058 1914 2081 toto

1080 2094 1196 2136 impetu
1212 2102 1320 2136 agunt,
1337 2093 1484 2136 quicquid
1507 2100 1614 2135 agunt,
1630 2101 1660 2124 et
1681 2093 1823 2124 cohibit‘e
1843 2101 1912 2124 sunt

1080 2137 1258 2168 naturaliter
1278 2137 1308 2167 in
1331 2145 1508 2178 angustum,
1530 2136 1638 2167 librata
1657 2136 1790 2178 quadam
1812 2136 1912 2166 mod(-

1080 2180 1196 2211 ratione
1211 2180 1303 2211 ducat
1319 2179 1357 2210 ad
1373 2191 1468 2221 opus:
1486 2186 1516 2210 et
1530 2179 1561 2209 id
1576 2179 1701 2221 quidem
1716 2179 1911 2209 multiforme.

1082 2223 1225 2254 uniformi
1241 2230 1342 2253 tamen
1361 2222 1476 2253 ordine.
1523 2223 1588 2253 Nec
1610 2222 1697 2252 aliter
1714 2229 1829 2252 certum
1847 2222 1911 2252 ubi-

1081 2278 1142 2308 que
1162 2267 1253 2296 finem
1276 2272 1401 2308 spectet,
1424 2265 1454 2295 in
1475 2265 1532 2302 his,
1554 2277 1623 2307 quae
1645 2265 1711 2307 ipsa
1733 2276 1792 2295 non
1809 2264 1912 2295 vident

1080 2311 1183 2357 finem,
1200 2320 1292 2351 quam
1313 2320 1361 2339 ais
1384 2307 1477 2338 soleat
1499 2315 1528 2338 et
1551 2307 1720 2339 consilium.
1763 2310 1826 2337 Ars
1847 2307 1910 2338 hac

1080 2352 1184 2383 vixens
1199 2360 1292 2393 atque
1304 2351 1450 2382 naturalis
1464 2362 1569 2382 omnes
1584 2351 1614 2381 in
1631 2362 1661 2381 se
1676 2350 1843 2382 secundum
1860 2362 1907 2380 ac-

1079 2403 1146 2426 tum
1162 2395 1316 2426 naturales
1335 2394 1470 2425 continet
1485 2394 1608 2431 formas,
1624 2405 1684 2424 non
1705 2393 1802 2431 aliter,
1817 2404 1908 2439 quam

1078 2449 1126 2468 ars
1150 2438 1284 2469 humana
1305 2437 1458 2479 possideat
1480 2437 1616 2468 artificia.
1662 2436 1793 2467 Materia
1818 2446 1908 2470 emm,

1078 2493 1149 2523 quae
1164 2481 1194 2512 in
1209 2481 1346 2523 potentia
1360 2480 1513 2511 formabili
1528 2491 1667 2521 semper
1659 2479 1697 2510 ad
1718 2490 1832 2515 onmes,
1849 2489 1909 2507 non

1078 2524 1166 2555 aliter
1186 2524 1226 2555 ad
1249 2531 1351 2555 actum
1376 2523 1556 2565 perducitur
1578 2522 1724 2558 omnium,
1741 2532 1832 2562 quun
1855 2532 1909 2561 per

1079 2567 1171 2597 vitam
1187 2567 1321 2598 materi‘e
1341 2566 1466 2608 quidem
1488 2565 1712 2607 pr‘esidentem,
1729 2563 1781 2593 sed
1800 2574 1909 2605 cogna-

1079 2617 1139 2640 tam
1162 2610 1193 2640 in
1216 2621 1247 2640 se
1268 2620 1372 2640 omnes
1395 2617 1465 2639 actu
1486 2607 1800 2649 comprehendentem.
1836 2589 1909 2636 &Na-

1079 2660 1149 2683 tura
1163 2652 1287 2692 quidem
1304 2652 1369 2682 haee
1384 2651 1492 2682 artifex
1505 2661 1652 2687 ommum,
1670 2660 1768 2691 neque
1784 2649 1908 2680 materia

1133 2705 1199 2733 4L
