2201 2990
242 143 334 174 cxxiv

245 228 412 259 admodum
429 229 473 259 A.
487 229 593 260 Maius
614 229 646 260 in
668 229 750 261 calce
771 231 940 273 pervetusti
964 230 1086 262 Codicis
1103 232 1130 260 A
1148 230 1270 261 Fabric.
1297 232 1335 262 B.
1356 231 1412 262 Gr.
1438 231 1508 262 ΙΙΙ.
1536 241 1568 272 p.
1588 237 1663 272 542.
1687 230 1737 261 ed.
1758 229 1849 261 Harl.

245 291 345 318 msera,
360 280 414 322 qui
434 280 535 312 Procli
558 281 588 312 in
612 281 765 312 decimum
782 282 874 324 Reip.
892 281 1031 313 Platonis
1053 282 1087 312 li-

244 330 336 361 brum
366 332 599 363 commentarios
630 332 762 363 ineditos
796 333 942 371 continet,
973 333 1085 376 reperit

244 381 465 423 fragmentum,
478 383 562 425 quod
574 383 615 415 ita
628 383 820 415 inscribitur:
837 384 1015 424 Ἐπίσκεψις
1029 387 1087 415 τῶν

244 432 291 464 ὑπ’
307 432 533 473 Ἀριστοτέλους
555 436 587 465 ἐν
607 435 729 477 δευτέρῳ
752 439 810 466 τῶν
829 439 996 466 Πολιτικῶν
1015 435 1088 475 πρὸς

244 484 297 523 τὴν
310 484 472 517 Πλάτωνος
488 487 649 516 Πολιτείαν
665 486 886 526 ἀντειρημένων,
903 494 1088 517 commotus-

244 547 306 577 que
321 535 519 567 similitudine
536 536 617 567 tituli
632 548 702 567 cuin
719 549 765 575 eo,
782 537 837 579 qui
853 545 958 568 nostro
973 537 1002 567 in
1020 537 1087 568 loco

777 145 1151 176 ANNOTATIONES
1176 144 1228 176 IN
1251 145 1448 176 PLOTINI

1895 231 1988 263 AEtas

1147 289 1228 313 certe
1244 294 1304 313 non
1319 282 1501 324 refragatur.
1534 281 1603 312 Vid.
1621 281 1792 324 Schweigh.
1809 282 1936 314 Praefat.
1948 283 1989 314 ad

1147 333 1254 364 Athen
1281 345 1311 376 p.
1327 334 1385 364 VI.
1401 345 1468 375 sqq.
1513 333 1698 364 illusonium
1718 333 1801 363 hunc
1818 333 1954 364 Stoicum
1970 345 1989 365 a

1148 385 1297 415 Musonio
1311 384 1363 415 illo
1380 385 1467 415 Rufo
1489 383 1685 414 celeberrimo
1707 384 1809 415 Stoico
1828 391 1863 415 ut
1881 384 1988 426 junio-

1147 447 1210 466 rem
1234 435 1381 477 distingui
1404 435 1513 465 volunt
1538 434 1650 465 eruditi
1675 434 1706 465 in
1731 435 1853 466 Fabric.
1872 435 1908 466 B.
1928 436 1986 466 Gr.

1147 498 1179 529 p.
1202 489 1276 527 566.
1300 499 1345 528 sq.
1402 485 1591 517 Consulendi
1617 485 1743 516 omnino
1768 485 1807 516 de
1834 486 1989 517 Musoniis

1147 537 1288 580 pluribus
1300 537 1495 568 iVernsdorf.
1508 536 1546 567 ad
1562 537 1683 567 Himer.
1699 548 1731 579 p.
1742 545 1814 578 473.
1828 544 1858 568 et
1874 548 1903 579 p.
1916 537 1987 568 802.

243 586 368 629 legitur,
391 599 427 618 eo
449 599 620 630 propensus
645 595 701 626 est,
724 596 759 619 ut
780 599 837 630 pro
860 588 979 618 Eubuli
1001 588 1084 629 frag·
1106 599 1130 627 B
1148 589 1327 620 Boissonad.
1344 589 1382 619 ad
1400 589 1526 630 Eunap.
1544 600 1574 630 p.
1591 598 1658 629 139.
1675 597 1750 629 497.
1766 595 1796 618 et
1811 590 1884 629 560.
1901 589 1989 620 item-

244 645 348 668 mento
363 637 484 668 babeat.
515 638 627 669 Latine
639 639 730 670 vertit
746 638 826 669 idem
843 639 877 669 V.
892 638 939 669 Cl.
958 646 987 669 et
1004 639 1086 680 typis

243 688 373 719 describi
396 689 513 720 curavit
536 689 567 720 in
592 690 784 732 Scriptorum
803 691 885 720 Vett.
903 691 993 720 Nova
1012 690 1084 721 Col-

242 739 311 770 lect.
329 739 476 771 Vaticana
492 740 560 771 Vol.
579 741 628 771 11.
651 753 683 783 p.
701 741 880 781 672—675.
925 741 997 782 Ego
1019 741 1085 783 ejus

242 791 383 822 anecdoti
406 790 523 833 aliquot
544 791 626 822 locos
648 792 735 834 attigi
751 792 782 822 in
798 793 930 822 Annott.
947 792 977 822 in
995 792 1086 823 Ploti-

244 853 328 873 num.
361 844 413 874 Cr.

297 906 328 935 p.
352 893 426 924 lxxi.
451 893 469 924 ἦ.
509 894 560 924 οὐκ
596 893 870 934 ἐχέγγυα-ὁρμὴν
899 893 1083 937 λαβόντων]

1146 651 1208 681 que
1224 641 1313 670 Nova
1329 639 1455 670 Collect.
1471 639 1596 682 Scriptt.
1610 639 1708 670 Vatic.
1724 639 1771 670 ed.
1786 640 1826 669 A.
1842 640 1920 671 Mai.
1938 640 1986 671 ΙΙ.

1146 702 1178 732 p.
1196 700 1266 731 270.
1284 703 1328 733 sq.
1361 692 1414 722 Cr.

1188 753 1219 784 p.
1244 741 1318 772 lxxi.
1344 749 1377 772 [Π.
1410 743 1456 772 καὶ
1482 745 1721 781 Περιπατητικῶν
1749 741 1914 780 Ἀμμώνιος
1943 742 1990 774 καὶ

1146 795 1341 834 Πτολεμαῖος]
1361 793 1524 823 Ruhnken.
1538 793 1568 823 in
1580 793 1670 835 Disp.
1682 792 1721 823 de
1735 793 1875 834 Longino
1888 794 1917 833 ξ.
1929 793 1987 824 IV.

1145 855 1176 885 p.
1188 854 1259 884 493.
1277 845 1418 886 Bergan:
1444 844 1613 875 Ammonio
1630 844 1835 886 Peripatetico
1851 844 1929 875 hanc
1944 844 1990 875 in-

1145 894 1261 936 signem
1278 895 1370 926 variae
1385 895 1578 937 copiosaeque
1593 895 1774 926 eruditionis
1797 895 1919 926 laudem
1936 895 1989 926 tri-

244 949 264 963 “
281 944 403 975 Tollius
428 945 562 976 rectius:
598 945 673 975 Non
696 945 750 975 illa
775 946 854 975 muti
879 950 963 980 sunt,
993 950 1026 975 ut
1050 956 1084 975 ca
1103 953 1127 980 c
1145 945 1210 976 buit
1230 946 1392 988 Longinus
1409 948 1596 988 (sequuntur
1612 947 1704 977 verba
1725 946 1785 977 huc
1804 946 1989 988 pertinentia

239 1001 368 1039 propter
384 997 465 1026 inter
480 997 548 1026 ‘illos
568 997 683 1037 referri
707 1001 896 1033 mereantur,
912 997 965 1038 qui
982 996 1085 1027 dedita

241 1058 336 1090 opera
358 1048 457 1078 literis
475 1047 679 1090 philosophice
694 1048 841 1089 (logmata
858 1048 1084 1090 cwplicuerunt,

241 1110 335 1141 quum
351 1099 413 1128 lmc
430 1100 507 1140 ipsis
522 1099 671 1140 opuscula
688 1099 770 1129 velut
780 1110 925 1141 parerga
945 1110 998 1130 sen
1008 1101 1086 1140 jin·-

242 1151 323 1181 tuita
335 1151 481 1191 suerint,
506 1152 559 1181 Sec.

241 1201 312 1241 πρὸς
326 1201 358 1231 τὸ
374 1203 447 1239 μετὰ
464 1215 488 1232 κ.
500 1215 523 1231 τ.
536 1206 566 1232 λ.
590 1201 702 1232 deinde
718 1209 807 1244 putat
823 1202 1018 1242 χρησαμένων
1035 1203 1084 1233 αὐ-

608 1150 701 1191 Legit
724 1162 834 1192 porro:
868 1151 933 1191 οὐχὶ
957 1151 1086 1191 ἐχέγγυα

240 1255 298 1283 τῶν
314 1252 359 1282 vel
376 1253 579 1293 χρησαμένους
600 1261 630 1283 et
653 1261 758 1295 postea
781 1253 933 1291 λαβόντας
955 1266 1019 1284 csse
1043 1254 1085 1284 le-

242 1303 390 1345 gendum.

241 1366 340 1385 sermo
366 1364 409 1385 est
435 1354 581 1396 dogmata
612 1355 823 1398 philosophica
854 1368 1022 1398 exponens,
1051 1365 1085 1388 ut

240 1405 344 1447 paullo
368 1414 437 1448 post
463 1414 528 1437 est:
561 1408 601 1439 εἰς
628 1407 679 1445 τὴν
704 1409 755 1437 τοῦ
781 1407 874 1447 λόγου
899 1408 1083 1447 διάρθρωσιν.

240 1457 290 1487 De
305 1457 477 1494 Platonicis,
492 1458 703 1500 Peripateticis
718 1466 748 1488 et
767 1459 885 1495 Stoicis,
900 1459 953 1501 qui
969 1472 986 1489 a
1006 1460 1084 1490 Lon-

240 1507 314 1549 gino
343 1508 519 1545 laudantur,
549 1509 620 1539 alibi
651 1521 668 1540 a
698 1521 747 1540 me
778 1509 929 1541 dictum.’y
958 1511 1082 1541 Fabric.

243 1558 363 1590 Scilicet
388 1559 453 1590 Vol.
474 1561 541 1590 III.
568 1561 602 1591 B.
621 1561 677 1591 Gr.
702 1561 751 1591 ed.
769 1561 891 1592 Hal-les
943 1561 1083 1592 Primum

241 1610 302 1645 οὐκ,
319 1610 402 1652 quod
425 1611 454 1641 in
472 1611 549 1642 cod.
568 1613 670 1642 Oxou.
693 1612 805 1654 reperit
823 1613 979 1650 Iludson.‚
997 1613 1082 1644 resti-

242 1669 367 1692 tuerunt
398 1670 504 1704 postea
532 1663 661 1705 Longini
688 1663 829 1701 editores,
857 1673 887 1694 et
917 1664 959 1694 ita
991 1665 1082 1695 nostri
1102 1670 1126 1697 E

242 1724 367 1754 quoque
391 1712 457 1743 libri
475 1725 589 1744 omneS.
637 1715 685 1745 De
703 1726 774 1745 voce
797 1714 895 1755 λόγος,
913 1716 1084 1757 disputatio

241 1765 277 1795 dc
303 1765 511 1806 plziloswmltia,
536 1766 682 1808 Toupius
711 1765 816 1797 laudat
846 1768 978 1798 Maxim.
1005 1769 1083 1810 Tyr.

244 1815 326 1845 Diss.
352 1816 498 1846 XXIII.
524 1828 551 1847 c.
570 1827 595 1848 2.
623 1824 653 1847 et
679 1817 797 1848 Davisii
821 1827 925 1849 annot.
952 1819 981 1849 in
1007 1831 1082 1849 eam.

244 1866 364 1897 Deinde
376 1867 499 1909 'l'oupio
514 1868 664 1909 probatur
679 1868 773 1899 altera
789 1870 965 1911 conjectura
978 1871 1082 1901 'l'olliiz

243 1918 444 1957 χρησαμένους
456 1927 484 1949 et
497 1918 656 1957 λαβόντας,
670 1919 743 1961 quia
756 1921 893 1951 Genitivi
906 1922 1084 1963 ambiguam

244 1969 355 1999 saciant
380 1970 560 2000 sententiam
585 1971 625 2001 ob
650 1971 877 2003 antecedentem
902 1973 1083 2003 Genitivum

245 2020 486 2059 ἐξειργασμένων,
504 2029 533 2051 et
549 2022 623 2063 quia
645 2022 674 2052 in
692 2023 957 2054 terminationibus
981 2024 1082 2066 szepis-

244 2070 317 2101 sime
334 2080 456 2112 peccent
475 2072 600 2103 librarii.
625 2074 695 2114 Ego
711 2086 834 2105 manum
852 2075 997 2113 abstinui,
1014 2087 1084 2106 cum

243 2121 332 2152 codd.
349 2122 442 2152 nostri
459 2134 563 2153 omnes
578 2124 607 2154 in
625 2124 750 2166 vulgata
765 2126 938 2168 persistant.
964 2127 1084 2157 Locum

245 2184 351 2203 sanum
370 2184 427 2203 non
445 2173 594 2210 existimo.
622 2177 677 2206 Cr.

287 2235 318 2265 p.
337 2223 413 2254 lxxi.
428 2223 445 2254 l.
469 2228 526 2255 τῶν
542 2227 571 2255 δὲ
591 2229 724 2257 Στωϊκῶν
739 2226 874 2267 Ἑρμῖνος
890 2229 936 2259 καὶ
952 2230 1084 2267 Λυσίμα-

244 2275 309 2315 χος]
338 2275 386 2304 De
410 2275 561 2305 Hermino
583 2277 660 2307 dixit
683 2286 713 2308 et
736 2278 830 2308 Fabr.
853 2287 880 2309 et
907 2279 1030 2310 Har-les.
1054 2280 1083 2310 in

246 2325 395 2367 Catalogo
411 2326 683 2368 Peripateticorum
704 2329 757 2367 (B.
776 2330 833 2360 Gr.
852 2331 920 2360 III.
939 2343 970 2372 p.
983 2333 1084 2372 493),

245 2377 297 2407 ubi
313 2377 352 2407 de
367 2389 403 2407 eo
418 2377 545 2408 laudant
563 2379 692 2409 Luciani
708 2380 891 2411 Demonact.
910 2382 936 2412 I.
963 2393 993 2424 p.
1011 2383 1082 2421 870.
1103 2386 1130 2414 G
1149 2393 1228 2412 unus
1250 2381 1344 2411 codex
1366 2381 1541 2412 addixisset.

246 2427 383 2470 Simplic.
409 2427 439 2458 in
466 2429 514 2458 II.
542 2429 669 2460 Aristot.
693 2430 732 2460 de
754 2431 842 2461 Coelo
868 2441 915 2473 23.
960 2433 1085 2463 Patricii

245 2478 385 2509 Discuss.
405 2479 572 2521 Peripatet.
598 2491 625 2521 p.
646 2490 716 2521 137.
732 2489 762 2512 et
780 2482 929 2513 Buhlium
953 2484 982 2513 in
1000 2486 1084 2525 Opp.

244 2530 376 2560 Aristot.
394 2530 420 2560 I.
445 2542 473 2571 p.
490 2540 561 2570 302.
597 2532 646 2561 De
662 2532 847 2573 Lysimacho
863 2545 956 2575 supra
971 2546 998 2564 c.
1015 2535 1084 2564 III.

244 2593 275 2623 p.
300 2581 351 2621 98.
403 2581 592 2612 Atlienaeum
626 2582 708 2613 hunc
737 2595 800 2614 esse
830 2585 961 2614 eundem
993 2592 1087 2626 atque

245 2632 557 2674 Dipnosopliistarum
584 2641 738 2664 auctorem
764 2646 801 2665 ex
824 2635 966 2677 pluribus
994 2635 1087 2677 liujus

246 2683 314 2714 libri
338 2683 479 2726 colligere
504 2695 591 2726 posse
616 2685 672 2716 sibi
696 2685 819 2716 videtur
843 2687 1021 2718 Heumann.
1048 2689 1086 2719 ad

1145 1008 1162 1027 e
1177 1005 1280 1027 nostro
1294 997 1374 1037 loeo)
1391 1009 1409 1027 a
1424 998 1513 1039 cujus
1532 997 1651 1039 judicio
1667 1009 1726 1028 non
1744 997 1895 1040 discrepat
1911 998 1986 1029 Phi-

1145 1049 1289 1079 lostratus
1306 1049 1366 1079 Vit.
1382 1049 1515 1090 Sopliist.
1532 1050 1577 1079 II.
1594 1059 1641 1088 27.
1659 1060 1689 1090 p.
1703 1049 1778 1079 618:
1795 1048 1988 1089 Ἱπποδρόμος

1146 1103 1272 1130 πλεῖστα
1297 1100 1409 1139 ἀνέγνω
1433 1100 1506 1138 μετά
1531 1113 1565 1140 γε
1587 1100 1755 1138 Ἀμμώνιον
1778 1101 1830 1131 τὸν
1855 1101 1912 1132 ἀπὸ
1938 1103 1989 1132 τοῦ

1146 1151 1312 1190 περιπάτου.
1338 1152 1449 1181 ἐκείνου
1470 1153 1525 1190 γὰρ
1548 1151 1882 1191 πολυγραμματέστερον
1898 1152 1989 1192 ἄνδρα

1146 1202 1223 1232 οὔπω
1241 1202 1345 1241 ἔγνων.
1371 1202 1421 1232 ubi
1442 1202 1680 1244 Peripateticum
1698 1203 1900 1233 Ammonium
1917 1214 1988 1235 cum

1148 1252 1303 1283 Platonico
1323 1265 1340 1283 a
1362 1253 1557 1284 Gotbofredo
1581 1253 1703 1283 Oleario
1727 1253 1875 1284 confundi
1899 1265 1989 1285 nemo

434 1303 471 1334 ‘0
502 1303 603 1344 λόγος,
632 1304 739 1335 eodem
771 1313 907 1343 notante,
932 1305 989 1335 boc
1020 1305 1086 1336 loeo
1103 1315 1129 1341 D
1146 1304 1284 1342 miretur,
1312 1316 1381 1335 cum
1411 1305 1459 1335 hic
1485 1305 1575 1335 etiam
1602 1305 1713 1335 erravit
1738 1305 1877 1343 Jonsius,
1902 1313 1988 1337 tanto

1145 1356 1264 1387 doctior
1286 1364 1316 1387 et
1339 1356 1498 1394 sollertior,
1522 1356 1561 1386 de
1586 1357 1748 1398 Scriptorr.
1769 1356 1852 1387 Hist.
1871 1356 1986 1388 Pbilos.

1147 1408 1215 1438 III.
1235 1418 1280 1449 13.
1304 1420 1333 1450 p.
1354 1410 1425 1439 282.
1458 1408 1528 1438 Yid.
1548 1408 1723 1439 Fabricium
1742 1408 1779 1438 B.
1797 1409 1855 1438 Gr.
1873 1409 1916 1438 Τ.
1931 1409 1988 1440 IV.

1147 1471 1176 1501 p.
1198 1460 1287 1498 172.'’
1335 1459 1422 1489 Idem
1448 1459 1578 1490 ibidem:
1606 1460 1836 1490 “Ptolemaeum
1863 1459 1987 1502 Peripa-

1147 1510 1271 1541 teticum
1299 1511 1419 1541 Fabric.
1444 1511 1478 1541 B.
1498 1512 1554 1541 Gr.
1580 1512 1620 1541 T.
1640 1511 1685 1541 II.
1717 1522 1748 1550 p.
1771 1521 1843 1552 310.
1870 1510 1989 1542 laudari

1146 1570 1235 1604 putat
1250 1574 1267 1592 a
1280 1564 1373 1592 Sexto
1385 1562 1544 1604 Empirico
1556 1562 1625 1592 adv.
1639 1563 1779 1593 Gramm.
1793 1562 1818 1592 I.
1830 1572 1861 1603 3.
1873 1574 1904 1604 p.
1917 1572 1986 1603 229.

1824 1614 1904 1644 Nam
1927 1614 1989 1656 pri-

1147 1676 1230 1694 mum
1248 1665 1443 1702 l‘tolema·us‚
1455 1676 1546 1706 quem
1563 1665 1724 1707 Longinus
1740 1664 1826 1702 vidit,
1844 1677 1898 1707 per
1914 1673 1990 1696 tern-

1148 1613 1184 1643 Iu
1203 1625 1265 1654 quo
1282 1613 1380 1643 virum
1406 1614 1563 1655 egregium
1591 1614 1667 1644 ratio
1689 1613 1776 1644 fallit.

1147 1716 1228 1758 poris
1251 1717 1382 1747 rationes
1399 1717 1446 1746 vix
1466 1716 1566 1758 potuit
1583 1728 1599 1747 a
1618 1718 1711 1747 Sexto
1728 1716 1888 1758 Empirico
1908 1727 1990 1746 com-

1147 1768 1318 1798 memorari.
1373 1767 1494 1798 Deinde
1523 1768 1685 1809 Longinus
1711 1767 1822 1798 diserte
1848 1775 1988 1806 testatur,

1146 1831 1215 1849 eum
1234 1819 1306 1849 nillil
1325 1827 1435 1860 pra-ter
1448 1819 1582 1849 carmina
1594 1827 1623 1850 et
1636 1819 1882 1857 declamationes,
1895 1819 1988 1861 scrip-

1147 1878 1211 1900 tum
1239 1870 1429 1911 reliquisse.n
1478 1872 1555 1900 Mox
1583 1870 1620 1901 ad
1646 1871 1780 1910 τεχνικὸν
1807 1870 1986 1901 Fabricius:

1147 1926 1168 1939 “
1187 1922 1316 1952 Nullum
1338 1922 1376 1952 de
1398 1931 1463 1952 arte
1485 1922 1530 1952 vtl
1555 1921 1713 1963 disciplina
1735 1923 1868 1963 quadam
1894 1922 1987 1964 scrip-

1147 1973 1246 2003 tum.'’
1292 1972 1411 2003 Deinde
1429 1985 1483 2014 pro
1499 1972 1639 2010 ὃὸξασθαι
1660 1984 1697 2003 ex
1716 1972 1776 2003 Ed.
1797 1973 1908 2003 l'lotin.
1927 1973 1988 2003 Ba·

1106 2026 1128 2052 F
1147 2024 1191 2055 sil.
1231 2024 1364 2065 Longini
1395 2024 1525 2054 editores
1556 2032 1737 2065 receperunt
1768 2024 1907 2062 δέξασθαι
1938 2025 1988 2064 (ut

1146 2075 1236 2106 codd.
1262 2075 1355 2105 nostri
1380 2078 1511 2115 omnes),
1537 2086 1629 2117 quam
1656 2075 1814 2105 lectionem
1841 2075 1989 2117 exemplis

1146 2127 1305 2156 confirmat
1322 2126 1478 2167 Toupius‚
1498 2125 1626 2156 laudans
1653 2126 1788 2156 Platonis
1812 2126 1915 2157 Alcib.
1939 2139 1987 2169 pr.

1151 2178 1195 2219 [p.
1216 2187 1282 2217 115.
1299 2190 1323 2207 c.
1341 2176 1371 2207 d.
1395 2178 1432 2207 cf.
1453 2177 1597 2207 Prisciani
1622 2178 1761 2207 Gramm.
1788 2178 1820 2207 L.
1847 2178 1986 2209 XVIII.

1148 2240 1178 2270 p.
1197 2237 1287 2269 1157.
1320 2228 1446 2259 l‘utseb.
1466 2231 1579 2270 p.1()2.
1612 2228 1718 2258 Krehl.
1743 2236 1772 2259 ct
1796 2229 1914 2259 Matth.
1931 2230 1988 2260 Gr.

1149 2281 1206 2310 Gr.
1223 2281 1250 2320 ξ.
1263 2281 1334 2319 585.
1352 2291 1380 2320 p.
1398 2282 1486 2320 1165.
1503 2279 1552 2310 cd.
1569 2279 1636 2319 alt.]
1685 2279 1776 2317 Quod
1794 2291 1866 2310 mox
1883 2279 1986 2311 IVeis-

1149 2330 1216 2361 kius
1241 2330 1329 2361 scribi
1355 2330 1421 2361 vult
1449 2334 1507 2362 τοῖς
1533 2332 1654 2369 ὕστερον
1678 2330 1869 2372 recepissem,
1893 2330 1916 2361 si
1942 2332 1988 2362 vel

1590 2383 1681 2413 Nunc
1699 2393 1803 2412 omnes
1823 2382 1986 2413 articulum

1147 2433 1305 2463 omittunt.
1338 2434 1392 2463 Cr.

1185 2496 1214 2524 p.
1231 2483 1315 2514 lxxii.
1333 2490 1357 2513 ¹¹.
1379 2484 1430 2521 τὴν
1448 2485 1556 2514 ἑαυτῶν
1573 2485 1815 2523 ἀποθησαυρίζειν
1830 2484 1985 2526 διάνοιαν]

1150 2536 1309 2577 “Ingenii
1333 2536 1511 2575 ,substituta
1531 2536 1632 2565 literis
1647 2535 1847 2577 dignioribus
1870 2546 1990 2567 conser-

1149 2597 1223 2616 vare
1239 2587 1367 2628 insuper
1381 2587 1533 2616 lmbwzlcs.
1581 2587 1631 2616 Ita
1653 2585 1774 2616 loeutus
1796 2593 1840 2615 est
1859 2586 1989 2618 Damas-

1148 2637 1213 2668 cius
1241 2650 1292 2679 ap.
1321 2637 1446 2668 Suidam
1474 2637 1504 2667 in
1530 2637 1640 2676 Λήοη.”
1669 2637 1770 2677 Toup.
1795 2636 1849 2677 qui
1873 2637 1986 2669 ibidem

1150 2688 1254 2719 laudat
1279 2702 1348 2720 suas
1373 2688 1552 2720 Eineudatt.
1578 2688 1608 2718 in
1634 2687 1721 2718 Suid.
1739 2687 1786 2717 II.
1815 2699 1846 2728 p.
1867 2698 1934 2729 130.
1959 2697 1990 2720 et
