2201 2990
480 129 690 162 ANNOTT.
715 128 764 159 IN
790 126 988 158 PLOTINI
1013 125 1107 157 VIT.
1131 126 1359 157 AUCTORE
1385 127 1554 157 PORPH.
1577 138 1607 169 p.
1623 127 1697 158 xlix.

1868 127 1966 159 lxxxv

216 219 389 261 Insignior-a
404 227 441 247 ex
457 215 562 246 eadem
577 214 649 245 Vita
665 212 799 254 Anglice
813 212 952 243 exhibuit
968 211 1056 242 Tho·
1075 211 1101 238 A
1114 210 1197 252 jores
1216 210 1255 241 ad
1272 210 1327 241 lios
1344 210 1481 241 Phoebos
1496 211 1688 252 pertinuisse.
1736 213 1796 244 Sed
1812 213 1888 244 illud
1906 213 1966 244 his-

214 281 279 301 mas
290 268 405 311 Taylor
416 267 445 297 in
465 266 564 297 Select
575 264 693 295 VVorks
705 264 741 294 of
754 264 904 294 PlotinuS.
924 262 1057 294 Londin.

217 322 307 360 1817.
355 320 427 360 Ipse
446 323 591 358 excerpta
608 315 793 347 Germanica
814 314 951 345 indidem
968 314 1056 356 posui

212 371 243 402 in
269 368 450 401 Studiorum
469 366 536 397 Vol.
555 367 582 397 1.
603 365 823 407 Heidelbergae
845 366 935 406 1805.
974 365 1057 395 Har-

211 421 303 452 lesius
323 419 467 461 denique,
484 417 539 460 qui
561 417 592 447 in
617 428 696 447 nova
715 416 917 447 Bibliothecae
937 416 1058 447 Graecae

211 471 343 503 editione
359 469 478 501 nonnisi
493 481 529 499 ea
546 468 752 510 Porphyriani
767 467 871 510 scripti
887 467 988 510 capita
1003 478 1058 498 ex-

211 522 322 560 hibuit,
347 533 418 563 quae
443 520 591 551 librorum
621 519 734 550 Plotini
763 519 903 550 notitiam
930 519 1056 556 habent,

1119 261 1205 292 toriae
1221 261 1282 292 fide
1297 268 1416 292 constat
1432 273 1468 291 ex
1487 262 1625 301 Augusti
1642 262 1799 299 institutis,
1813 266 1965 296 Praefecto

1112 312 1177 354 juri
1194 312 1331 343 dicundo
1350 314 1399 354 (τῷ
1415 313 1590 350 δικαιοδότῃ)
1609 320 1756 355 tanquam
1772 315 1965 347 administra-

1118 371 1199 395 tores
1221 371 1438 405 coactoresque
1462 365 1656 403 (οἰκονόμους)
1680 364 1801 395 additos
1824 378 1887 397 esse
1910 379 1965 409 per

1118 416 1299 458 AEgyptum
1323 415 1449 446 libertos
1473 415 1605 446 Caesaris
1631 415 1757 455 (Strabo
1782 417 1896 447 XVII.
1918 428 1963 448 12.

1117 478 1147 509 p.
1173 468 1248 507 518.
1276 467 1393 497 Tzsch.
1441 467 1562 497 Muret.
1590 466 1631 497 ad
1658 467 1759 497 Tacit.
1788 468 1882 498 Tom.
1907 469 1965 499 IV.

1118 529 1150 560 p.
1169 528 1220 558 90.
1241 517 1290 549 ed.
1309 517 1476 548 Ruhnken.
1508 518 1632 560 Lipsius
1654 518 1692 548 ad
1711 518 1813 549 Tacit.
1831 519 1965 549 Histoi-r.

210 581 380 605 ceterorum
394 582 546 603 summam
559 570 775 601 tantummodo
787 570 849 601 suis
861 570 962 601 verbis
976 582 1058 601 com-
1076 572 1099 600 B
1119 569 1139 600 l.
1154 569 1174 600 l.
1206 570 1361 600 Letronne
1375 569 1569 600 Recherchcs
1585 581 1637 600 sur
1650 569 1754 600 l'Hist.
1767 569 1805 600 de
1818 569 1967 612 l’Egypte

210 624 320 668 plexus
336 631 391 655 est.
428 622 550 653 Ibidem
567 621 705 652 laudavit
721 633 783 659 eos,
796 621 850 664 qui
867 622 960 652 modo
976 633 1058 664 pres-

211 676 273 707 sius
285 675 377 706 modo
391 673 489 705 laxius
503 673 542 704 de
555 673 679 704 Plotiuo
691 680 821 715 egerunt
833 685 839 703 :
863 673 1057 715 Eunapium,

212 726 350 763 Suidam,
368 724 552 763 Eudociam,
570 724 727 767 Baylium,
747 723 954 762 Bruckerum,
973 724 1059 755 Cud-

211 777 387 814 wormium,
409 775 633 812 Moshemhnn,
655 776 894 812 Heumannum‚
918 775 1056 806 Meiner-

210 829 300 866 sium,
314 827 576 869 Hambergerum,
590 827 729 864 Saxium,
742 826 974 864 Eberliarclum,
986 827 1059 858 Tie-

210 880 409 911 demannum.
456 879 579 916 Quibus
602 878 682 909 adde
704 877 942 915 Ruhnkenium⁷
961 879 1056 920 wyt-

211 931 420 968 tenbachium,
434 931 706 968 Tennemannum,
720 931 894 960 Matterum
909 929 1055 971 reliquos-
1077 936 1099 963 C

210 994 281 1026 que,
292 993 424 1025 quorum
437 981 519 1012 locos
534 993 604 1012 cum
623 981 652 1011 in
669 981 920 1012 annotationibus
936 981 965 1011 in
979 981 1058 1011 hanc

211 1034 324 1071 Vitam,
342 1042 408 1065 tum
430 1033 469 1064 ad
485 1033 566 1075 ipsas
582 1032 749 1063 Eune-adas
767 1032 986 1070 adhibuimus3
1012 1031 1059 1062 vel

209 1085 249 1116 ad
277 1084 412 1116 Fabricii
441 1084 541 1116 locum
573 1084 612 1114 de
641 1083 766 1114 Plotino
795 1095 833 1114 ex
866 1083 1060 1114 Bibliotheca

211 1137 324 1168 Graeca
348 1136 429 1167 infra
455 1147 473 1166 a
497 1135 585 1166 nobis
613 1135 823 1166 exhibendum
848 1135 1058 1178 adposuimus.

213 1189 269 1219 Cr.

254 1251 285 1281 p.
311 1237 384 1269 xlix.
407 1237 432 1269 b.
469 1239 637 1279 Πλωτΐνος]
677 1238 715 1268 In
746 1237 819 1268 edit.
852 1237 1060 1268 Graecolatina

213 1290 379 1321 Basileensi
403 1289 570 1320 sexcenties
592 1300 751 1331 perperam
777 1289 925 1331 scriptum
950 1289 1060 1319 Πλοτί-
1078 1292 1103 1318 D
1122 1288 1224 1319 nibus.

214 1354 276 1379 vov,
304 1352 358 1372 nec
385 1340 488 1371 minus
512 1340 542 1371 in
571 1340 637 1371 aliis
663 1340 758 1377 libris,
785 1352 812 1371 v.
837 1352 862 1371 c.
889 1340 919 1370 in
945 1339 1060 1370 Stobaei

213 1392 344 1435 Eclogg.
368 1393 394 1423 Ι.
410 1402 462 1433 52.
488 1404 520 1435 p.
544 1393 617 1422 888.
639 1393 775 1422 Heercn.
822 1392 978 1422 Πλωτίνου
1003 1402 1060 1432 pro

214 1445 352 1475 Πλωτίου
374 1444 480 1474 vitiose
503 1443 650 1485 scriptum
672 1443 702 1473 in
723 1442 880 1473 Plutarchi
896 1442 1006 1472 Crasso
1028 1453 1058 1484 p.

212 1504 286 1537 543.
304 1496 341 1526 B.
359 1495 482 1525 videtur
498 1494 744 1536 VVyttenbachio
766 1493 797 1524 in
818 1493 1009 1524 Animadvv.
1029 1493 1060 1523 in

214 1546 350 1577 Moralia
366 1545 433 1576 Vol.
452 1546 478 1576 I.
500 1557 532 1587 p.
550 1546 622 1576 626.
639 1545 688 1576 ed.
706 1546 809 1576 Oxon.
826 1545 935 1575 formae
958 1551 1060 1575 octon.

214 1599 294 1636 Quae
309 1609 382 1628 vero
402 1596 491 1628 lectio
510 1608 526 1627 e
543 1596 622 1627 Cod.
640 1597 742 1627 Marc.
762 1597 796 1626 B.
815 1596 993 1638 consignata
1016 1603 1061 1626 est

1119 632 1149 663 p.
1164 621 1233 662 263.
1251 632 1317 663 sqq.
1335 628 1365 651 et
1382 633 1413 663 p.
1426 622 1513 661 422.)
1563 621 1647 652 Hinc
1664 620 1875 663 intelligimus,
1892 632 1969 662 quo—

1119 672 1213 702 modo
1228 671 1432 714 philosophus
1448 680 1551 703 noster
1567 672 1659 703 homo
1672 672 1857 715 AEgyptius,
1869 680 1899 703 et
1913 672 1968 714 qui

1120 724 1234 755 Graeco
1254 735 1392 755 sermone
1416 731 1566 761 uteretur,
1585 724 1696 755 Latino
1717 724 1839 754 nomine
1858 723 1968 754 Plotini

1119 775 1268 818 appellari
1292 775 1446 817 potuerit3
1479 783 1509 806 et
1532 776 1661 806 fortasse
1687 775 1772 806 haud
1796 775 1968 806 absurdum

1119 827 1157 858 sit
1173 827 1321 869 suspicari
1337 827 1469 858 eundem
1486 835 1589 858 ortum
1607 839 1670 858 esse
1686 839 1703 858 e
1718 834 1820 869 gente,
1834 839 1905 869 quae
1922 826 1969 858 vel

1119 890 1137 909 a
1154 878 1274 909 Plotina
1288 879 1414 921 Trajani
1430 878 1477 909 vel
1497 879 1537 910 ab
1557 879 1624 910 aliis
1643 879 1798 910 nobilibus
1820 878 1971 909 Romanis

1119 929 1261 961 libertate
1276 930 1391 961 donata
1405 930 1515 961 horum
1532 942 1646 967 vnomen
1662 930 1776 973 adepta
1798 930 1846 968 sit,
1864 937 1893 961 et
1910 930 1972 961 for-

1120 989 1199 1012 tasse
1219 993 1257 1012 ex
1273 981 1339 1024 ipsa
1360 981 1476 1012 familia
1497 981 1601 1024 aliqua
1621 982 1744 1012 illorum
1764 981 1970 1021 ἀπελευθέρων

1121 1033 1167 1063 καὶ
1191 1034 1352 1071 οἰκονόμων
1377 1034 1526 1073 Καίσαρος
1548 1033 1596 1064 vel
1620 1036 1776 1072 Σεβαστῆς
1801 1033 1969 1074 (Plotinae),

1120 1096 1198 1126 quos
1216 1084 1327 1115 Strabo
1342 1084 1362 1115 l.
1380 1084 1400 1115 l.
1417 1092 1647 1116 commemorat.
1692 1086 1804 1127 Neque
1820 1085 1899 1116 enim
1918 1097 1968 1116 ve-

1120 1147 1200 1174 reor,
1212 1147 1251 1166 ne
1265 1136 1378 1166 Plotini
1396 1147 1501 1166 manes
1517 1136 1591 1166 mihi
1608 1144 1817 1173 succenseant,
1831 1136 1970 1178 quando-

1120 1186 1246 1229 quidem
1263 1186 1312 1217 hic
1330 1187 1533 1229 philosophus
1554 1187 1594 1218 ad
1610 1187 1738 1218 laudum
1761 1187 1969 1230 praestantiam

1121 1238 1364 1280 haudquaquam
1387 1239 1505 1280 indiget
1527 1239 1674 1270 nobilium
1691 1240 1844 1281 majorum
1862 1239 1968 1282 imagi-

1271 1289 1381 1320 Potuit
1405 1297 1507 1320 tamen
1534 1291 1626 1321 etiam
1653 1302 1691 1321 ex
1718 1291 1854 1333 ingenua
1879 1299 1971 1333 gente

1121 1347 1207 1370 ortus
1223 1351 1286 1370 esse
1300 1340 1451 1379 Plotinus,
1465 1341 1616 1383 siquidem
1631 1342 1744 1373 multos
1757 1344 1970 1373 Romanorum

1120 1391 1151 1421 in
1170 1391 1315 1434 AEgyptO
1331 1403 1434 1422 rerum
1457 1404 1582 1423 suarum
1600 1393 1788 1424 domicilium
1809 1394 1972 1425 collocasse

1120 1442 1280 1485 probabile
1303 1450 1349 1474 est
1375 1444 1466 1483 (conf.
1483 1444 1583 1475 Taciti
1604 1445 1732 1475 Annall.
1751 1446 1798 1476 II.
1815 1448 1890 1487 59):
1921 1457 1972 1476 ne-

1121 1505 1183 1536 que
1198 1505 1236 1524 ex
1252 1506 1299 1532 eo,
1317 1495 1402 1537 quod
1420 1507 1483 1526 uno
1498 1503 1619 1526 tantum
1636 1497 1760 1527 nomine
1776 1497 1891 1528 Plotini
1915 1509 1969 1540 ap-

1120 1545 1265 1587 pellatur,
1278 1545 1450 1577 libertinam
1462 1547 1611 1589 originem
1622 1547 1808 1590 collegerim,
1819 1548 1970 1590 siquidem

1124 1597 1283 1639 Longinus
1299 1598 1402 1635 etiam,
1416 1599 1469 1640 qui
1483 1599 1653 1641 Dionysius
1670 1600 1796 1630 Cassius
1812 1599 1973 1641 Longinus

213 1649 244 1679 in
266 1650 354 1679 Varr.
376 1648 460 1679 lectt.
483 1647 522 1678 ad
546 1656 686 1678 nostrum
711 1647 811 1678 locum
836 1648 1002 1684 Πλωτίνος,
1026 1659 1061 1678 ea
1079 1655 1103 1682 E
1122 1648 1320 1687 dicitur‚l10c
1337 1649 1401 1681 solo
1422 1650 1544 1681 nomine
1561 1650 1745 1693 plerumque
1761 1650 1919 1689 laudatur,
1937 1658 1971 1682 ut

213 1700 395 1731 adversatur
414 1699 696 1730 Grammaticorum
719 1699 891 1742 praeccptis.
938 1700 1061 1730 Auctor

215 1751 342 1793 Regull.
355 1750 394 1781 de
407 1750 536 1781 Prosod.
551 1750 589 1781 ad
605 1750 678 1781 calc.
697 1750 871 1781 Hermanni
885 1751 934 1781 De
946 1752 1062 1781 Emen-

214 1802 306 1833 dand.
334 1802 404 1832 Rat.
430 1802 538 1833 Gram.
563 1802 621 1833 Gr.
649 1813 679 1844 p.
698 1811 770 1840 424.
791 1812 803 1832 1
813 1812 824 1832 1
840 1814 846 1832 z
876 1803 912 1832 τὰ
938 1803 985 1832 διὰ
1011 1804 1062 1832 τοῦ

216 1855 276 1886 “fi—‘05
290 1852 405 1884 ἅπαντα
421 1856 629 1892 περισπῶνται·
654 1856 887 1891 Κωνσταντΐνος,
905 1854 1063 1885 ‘maurium

218 1905 322 1947 (exple
333 1916 371 1935 ex
384 1904 522 1946 Etymol.
537 1904 624 1936 Gud.
638 1916 667 1947 p.
679 1915 753 1946 300.
766 1907 962 1945 Ταραντῖνος)
975 1907 1063 1935 Πλω-

216 1959 305 1988 τῖνος.
335 1955 454 1998 Arguit
469 1963 572 1986 autem
588 1967 698 1987 nomen
713 1956 883 1986 Romanam
900 1956 1061 1997 originem,

217 2014 324 2049 utpote
340 2007 468 2038 ductum
484 2019 501 2038 a
519 2007 662 2045 Plautus,
676 2007 786 2039 Plotus
803 2008 857 2048 (de
871 2007 986 2050 quibus
999 2007 1061 2038 vid.

217 2059 239 2088 J
243 2058 284 2089 ul.
303 2059 482 2090 Pontederae
498 2059 602 2101 Epist.
617 2060 645 2090 I.
662 2059 701 2090 de
718 2059 821 2090 Veteri
836 2059 987 2090 scribendi
1003 2066 1059 2090 rat.

217 2110 247 2140 in
265 2110 428 2152 Scriptorr.
440 2110 496 2141 Rei
510 2110 600 2141 Rust.
612 2110 681 2141 Vol.
695 2111 723 2141 I.
737 2122 767 2153 p.
779 2120 850 2152 332.
866 2111 1060 2151 Schneider.)

219 2162 292 2192 Non
313 2168 358 2192 est
373 2161 457 2203 quod
474 2161 628 2192 Plotinam
644 2162 673 2192 T
676 2162 772 2204 rajani
795 2174 923 2193 uxorem
947 2174 1062 2193 memo-

219 2224 332 2249 remuS‚
344 2220 398 2242 aut
410 2212 482 2243 alias
495 2213 632 2243 Plotinas
649 2225 665 2244 e
677 2214 882 2244 marmoribus
897 2225 1042 2244 eruamus
1053 2226 1059 2244 ε

218 2263 294 2294 illud
312 2274 366 2293 nos
381 2263 540 2294 advertere
551 2264 642 2295 debet
656 2264 685 2294 in
699 2276 751 2295 ara
767 2276 938 2296 marmorea
951 2266 1062 2296 Romae

218 2326 269 2357 ap.
287 2315 457 2345 Gruterum
477 2326 509 2356 p.
525 2316 776 2347 DCCCCXLI.
794 2328 840 2347 nr.
853 2328 884 2356 4.
901 2316 1063 2347 memorari

1123 1701 1211 1731 docet
1235 1701 1441 1732 Ruhnkenius
1466 1702 1497 1732 in
1522 1702 1746 1733 Dissertatione
1772 1703 1821 1733 De
1845 1703 1916 1733 Vita
1941 1710 1972 1734 et

1124 1751 1253 1794 Scriptis
1265 1753 1401 1795 Longini
1419 1754 1448 1793 ξ.
1464 1754 1491 1783 Ι.
1508 1765 1540 1795 p.
1555 1754 1669 1784 LXX.
1687 1765 1732 1796 sq.
1745 1754 1889 1785 Weiskii.
1915 1755 1970 1786 Cr.

1155 1815 1185 1845 p.
1200 1803 1274 1835 xlix.
1287 1810 1308 1833 Ε.
1325 1805 1340 1834 ὁ
1355 1804 1416 1835 καθ’
1430 1805 1503 1843 ἡμᾶς
1519 1806 1650 1845 γεγονὼς
1664 1806 1923 1846 φιλόσοφος-ὅτι
1940 1807 1972 1836 ἐν

1124 1856 1236 1894 σώματι
1261 1857 1316 1897 εἴη]
1348 1855 1501 1887 “Scholae
1519 1856 1687 1887 Platonicae
1709 1856 1885 1899 philosophi
1910 1859 1970 1887 δια-

1122 1907 1292 1946 βέβληνται
1316 1909 1371 1946 μὲν
1397 1910 1533 1948 πανταχῆ
1559 1909 1597 1950 τῷ
1624 1909 1748 1947 σώματι,
1774 1916 1809 1939 ut
1840 1909 1972 1940 Socratis

1124 1958 1225 1989 verbis
1247 1970 1285 1989 ex
1308 1958 1468 1989 Phaedone
1493 1966 1571 1990 utar.
1617 1960 1669 1990 Ex
1692 1959 1799 1990 eadem
1823 1960 1893 1997 fuit,
1917 1960 1973 2002 qui

1082 2018 1105 2045 F
1124 2009 1182 2040 sul)
1208 2010 1360 2040 lilercurii
1384 2010 1575 2053 Trismegisti
1600 2011 1724 2041 nomine
1749 2011 1884 2053 scripsit:
1921 2013 1973 2042 ἐὰν

1123 2061 1162 2100 μὴ
1178 2065 1292 2101 πρῶτον
1307 2062 1340 2092 τὸ
1358 2062 1442 2100 σῶμά
1459 2075 1513 2092 σου
1529 2062 1664 2101 μισήσῃς,
1679 2061 1700 2092 ὦ
1715 2062 1830 2100 τέκνον,
1847 2063 1973 2094 σεαυτὸν

1515 2114 1564 2144 De
1589 2113 1765 2155 Porpliyrio
1788 2114 1970 2155 Eunapius:

1831 2164 1920 2195 Idem
1941 2165 1972 2195 in

1124 2115 1250 2153 φιλῆσαι
1275 2114 1309 2144 οὐ
1335 2115 1469 2145 δύνασαι.

1124 2166 1167 2202 τό,
1185 2178 1216 2196 τε
1232 2169 1317 2204 σῶμα
1334 2167 1380 2196 καὶ
1396 2167 1547 2206 ἄνθρωπος
1564 2165 1638 2196 εἶναι
1652 2165 1784 2203 ἐμίσησε,

1125 2216 1284 2247 Maximo:
1319 2217 1372 2247 κᾶν
1398 2218 1486 2257 τύχῃς
1509 2220 1566 2247 τῶν
1588 2217 1763 2256 μυστηρίων,
1788 2216 1973 2257 αἰσχυνθήσῃ

1124 2267 1249 2303 πάντως,
1270 2268 1314 2298 ὅτι
1338 2268 1462 2306 ἐκλήθης
1485 2267 1666 2307 ἄνθρωπος.”
1695 2267 1821 2298 Fabric.
1868 2267 1972 2298 David

1126 2319 1335 2361 Philosophus
1361 2319 1392 2349 in
1420 2319 1565 2361 l'mlegg.
1592 2318 1621 2349 in
1648 2317 1816 2360 Porphyrii
1845 2319 1971 2360 Isagog.

221 2366 256 2396 L.
276 2366 434 2396 Plotinum
451 2365 607 2396 Pleoehum.
637 2367 729 2398 Obvii
745 2375 817 2399 sunt
833 2368 936 2410 plures
954 2368 1063 2399 Phoebi
1082 2373 1108 2401 G
1126 2370 1179 2401 fol.
1197 2378 1226 2410 7.
1250 2370 1328 2401 Cod.
1347 2372 1474 2401 Monac.
1496 2382 1526 2401 n.
1541 2380 1599 2411 99:
1625 2370 1691 2409 περὶ
1712 2370 1743 2400 δὲ
1764 2370 1867 2400 τούτου
1888 2371 1972 2409 λέγει

220 2425 367 2458 tanquam
390 2416 467 2446 servi
490 2423 520 2446 ct
540 2416 640 2448 liberti
657 2419 815 2449 Caesarum
831 2431 902 2450 cum
920 2419 950 2450 in
967 2420 1062 2462 scrip-

220 2468 349 2504 toribus,
367 2475 401 2498 ut
422 2467 506 2509 apud
525 2468 671 2499 Tacitum
688 2470 815 2501 Annall.
835 2471 931 2501 XVI.
947 2481 979 2511 5.
997 2479 1063 2502 tum

219 2519 250 2549 in
270 2518 529 2560 inscriptionibus.
569 2519 641 2549 Jam
658 2520 742 2561 quod
760 2521 788 2551 in
807 2522 909 2552 Taciti
927 2523 1063 2553 Historr.

222 2570 251 2600 I.
277 2580 321 2600 11.
347 2569 508 2600 memorari
532 2569 673 2600 videmus
697 2572 884 2614 JEgyptium
908 2573 1064 2604 hominem

220 2621 337 2663 duplici
364 2620 486 2651 nomine
512 2628 542 2651 et
569 2621 680 2651 Latino
707 2629 737 2652 et
764 2623 876 2653 Graeco
900 2624 1064 2654 Tiberium

222 2671 455 2703 Alexandrum:
483 2671 554 2702 inde
577 2683 637 2703 non
662 2673 842 2715 conjecerim
865 2674 979 2706 Plotini
1003 2686 1065 2707 ma-

1126 2423 1141 2452 ὁ
1162 2423 1342 2462 Πορφύριος,
1361 2423 1405 2452 ὅτι
1422 2425 1575 2454 Πλωτῖνος
1596 2423 1611 2452 ὁ
1626 2420 1746 2459 ’Έλλην
1762 2419 1895 2460 (ἼΞλλην
1912 2432 1971 2451 non

1125 2480 1169 2503 est
1186 2472 1215 2502 in
1234 2472 1310 2502 Cotl.
1329 2473 1420 2503 Mon.
1436 2483 1508 2513 399.
1525 2474 1580 2512 A.)
1600 2471 1682 2514 ἐῴκει
1697 2472 1752 2509 μὲν
1768 2470 1970 2512 αἰσχυνομένῳ

1126 2524 1170 2554 ὅτι
1188 2537 1242 2563 περ
1260 2525 1292 2554 ἐν
1314 2525 1426 2562 σώματι
1445 2524 1492 2562 ἣν.
1539 2523 1626 2554 Idem
1646 2522 1750 2553 David
1767 2522 1797 2552 in
1815 2522 1893 2552 Cod.
1910 2523 1969 2551 l’a-

1125 2574 1218 2605 risino
1241 2586 1304 2617 reg.
1329 2586 1374 2605 nr.
1396 2576 1585 2615 19392—1‘1'n
1607 2577 1761 2605 Πλωτῖνος
1783 2574 1798 2603 ὁ
1823 2572 1884 2603 καθ’
1901 2573 1972 2610 ἡμᾶς

1126 2627 1296 2666 φιλόσοφος
1312 2626 1406 2656 ἔοικεν
1421 2625 1521 2665 ὥσπερ
1535 2624 1738 2665 αἰσχυνομένῳ
1751 2624 1794 2654 ὅτι
1811 2624 1843 2653 ἐν
1861 2623 1972 2660 σώματι

1125 2677 1169 2715 ἦν.
1209 2677 1467 2719 Theophylactus
1493 2677 1659 2707 Simocatta
1680 2674 1779 2716 Epist.
1799 2681 1846 2714 25.
1871 2685 1899 2715 p.
1919 2674 1971 2703 86.
