2201 2990
328 199 399 236 162

324 294 369 331 lit,
386 304 478 335 quam
495 301 525 324 et
539 293 578 324 ad
594 293 747 335 ingentem
763 292 940 323 charitatem
963 291 1070 333 patriae
1086 301 1155 332 pro—

326 348 444 373 vocare,
460 343 490 367 et
504 336 543 367 ab
557 336 651 378 impio
666 335 774 366 scelere
789 335 896 366 acriter
912 345 1062 365 revocare.
1087 333 1156 364 Plo-

327 379 381 409 tini
397 391 520 421 quoque
535 379 628 410 verba
648 378 688 409 sic
705 378 841 420 accipiet,
859 385 893 408 ut
908 377 938 407 in
954 377 1032 407 libro
1047 376 1085 406 de
1102 377 1159 406 Be-

324 422 474 453 atitudine
497 422 592 453 solvat
607 421 724 452 felicem
747 421 900 451 hominem
917 432 933 451 e
949 419 1157 462 compedibus,

326 474 457 496 mentem
484 465 585 507 potius
610 477 628 495 a
654 464 790 495 sensibus
817 463 995 499 sevocando,
1021 473 1113 504 quam
1140 474 1158 492 a

325 520 450 551 corpore
465 508 569 539 vitam.
614 507 757 548 Denique
772 507 856 549 quod
878 507 935 536 hoc
958 506 988 535 in
1011 505 1089 535 libro
1104 504 1156 542 ait,

324 558 471 593 tanquam
486 550 686 582 necessarium
702 550 887 591 eligendum,
900 555 1032 590 exponet
1047 547 1157 589 aliquis

324 594 436 625 scilicet
448 594 593 624 insaniam
610 592 738 635 perpeti,
751 601 897 633 tanquam
912 602 975 621 rem
992 590 1157 621 necessario

324 637 548 679 perferendam,
565 636 667 678 potius
689 647 781 676 quam
806 635 868 664 vim
893 634 1004 663 inferre
1028 639 1157 662 naturae.

324 680 565 711 confirmabitur
581 679 645 708 hoec
666 677 814 708 sententia
836 687 941 706 rursus
957 675 1070 705 Plotini
1086 685 1155 705 ver-

324 723 370 753 bis
392 724 426 753 rin
437 724 507 763 fine
530 721 750 763 disputationis
773 724 878 750 contra
900 719 1079 749 Gnosticos:
1104 716 1156 747 ubi

323 765 475 808 prohibet,
491 773 561 794 ante
576 762 714 793 naturale
730 771 851 803 tempus
870 761 939 791 hinc
955 760 1045 790 exire.
1091 759 1155 790 Af-

323 809 398 839 feret
421 814 526 838 contra
549 807 613 836 liaec.
637 816 759 835 rursum
784 803 1034 846 Olympiodorus,
1057 810 1156 832 extor-

322 851 408 893 queri
425 850 465 881 sic
480 849 607 880 nimium
625 848 761 879 Platonis
778 846 953 889 Plotinique
969 845 1073 877 verba:
1096 845 1156 876 imo

495 195 715 235 ARGUM.
738 194 903 234 MARS.
926 193 1028 232 FIC.
1051 192 1113 232 IN
1136 192 1244 232 LIB.
1268 191 1338 230 IX.
1369 190 1623 230 ENNEAD.
1646 190 1863 231 PRIMAE.

1200 301 1271 320 vero
1286 289 1391 320 decere
1407 300 1463 331 pro
1478 288 1574 319 salute
1589 288 1706 330 patriae,
1723 300 1779 330 pro
1793 289 1962 327 honestate,
1978 301 2033 331 pro

1200 332 1327 363 veritate
1343 331 1491 362 servanda
1505 339 1618 362 certam
1634 332 1735 362 subire
1751 340 1890 370 mortem,
1903 332 1949 362 vel
1966 344 2035 374 pro-

1202 375 1268 418 pria
1288 386 1389 405 manu.
1437 375 1516 405 Item
1534 374 1633 405 inedia
1656 374 1842 416 quandoque
1864 375 1994 406 animam
2018 388 2036 405 a

1203 429 1328 460 corpore
1353 429 1511 459 segregare
1536 417 1649 459 potius,
1672 429 1764 459 quam
1792 418 1977 460 permittere,
2002 427 2035 449 ut

1200 472 1254 503 per
1270 461 1416 491 insaniam
1432 460 1622 497 diuturnam,
1635 461 1838 502 morbumque
1854 461 1976 502 penitus
1992 461 2035 491 in-

1201 503 1363 534 sanabilem
1379 503 1537 541 inutiliter,
1552 503 1613 533 imo
1626 515 1696 534 cum
1713 503 1896 534 detrimento
1912 504 1958 533 sui
1979 515 2036 534 cae-

1202 555 1408 587 terorumque,
1421 553 1451 576 et
1466 546 1573 587 procul
1589 546 1628 576 ab
1643 547 1724 576 omni
1740 547 1864 577 rationis
1879 546 1977 577 officio
1994 547 2035 576 vi-

1201 596 1264 619 vat.
1311 588 1359 618 Sic
1375 588 1454 618 enim
1470 589 1610 629 quamvis
1625 589 1734 630 aliquis
1749 589 1898 619 inferioris
1918 596 2035 620 naturae

1201 631 1339 661 ordinem
1354 641 1414 660 non
1431 637 1587 671 sequatur,
1603 632 1765 672 superioris
1781 641 1881 662 tamen
1897 632 2034 662 ordinem

1202 680 1418 714 sequuturum‚
1435 683 1553 713 semper
1567 681 1669 703 autem
1690 674 1903 716 imperfectiori
1921 676 2035 716 perfec-

1201 715 1278 745 tius:
1304 722 1332 745 et
1349 714 1379 744 id
1396 714 1520 756 quidem
1535 726 1595 745 non
1610 715 1738 757 impetu,
1753 717 1803 747 sed
1820 717 1944 748 consilio
1958 729 2036 759 prae-

1200 757 1369 788 ferendum.
1416 758 1495 787 Haec
1517 756 1559 787 illi
1583 757 1664 789 ultro
1687 759 1823 801 citroque
1845 760 1987 798 afferunt,
2003 768 2031 791 et

1200 801 1300 831 adhuc
1317 800 1374 830 sub
1385 799 1489 842 judice
1504 799 1540 830 lis
1555 809 1607 832 est-
