2201 2990
258 164 336 199 402

261 246 390 278 cessario
401 245 605 282 deducantur,
617 252 711 286 atque
726 245 892 282 ducantur,
906 252 936 275 et
951 245 1099 287 quicquid

263 297 371 332 agunt,
385 288 551 320 necessario
562 288 672 318 facere:
695 288 843 330 quicquid
858 288 929 318 inde
940 288 985 325 fit,
1001 300 1101 318 neces-

264 332 342 363 sario
350 332 426 369 fieri,
436 339 529 373 atque
543 331 582 362 ad
593 342 714 361 omnem
728 331 843 373 ubique
855 338 998 361 eventum
1011 342 1101 361 cunc-

265 383 311 406 tas
334 375 474 412 invicem,
489 374 629 416 quamvis
644 374 732 404 aliter
746 374 818 405 alibi
834 374 1017 415 conspirare,
1030 385 1101 416 quae

265 418 397 449 maxime
407 418 529 448 videtur
541 417 689 448 sententia
698 417 791 447 fuisse
802 417 980 459 Chrysippi.
1005 417 1101 447 Mitto

265 462 296 492 in
313 460 486 504 praesentia,
502 460 586 501 quod
602 460 668 490 haec
686 460 789 502 opinio
809 460 901 490 rebus
916 460 1016 490 aufert
1032 471 1101 490 con-

265 504 457 546 tingentiam,
470 514 562 545 quam
576 503 680 533 saltem
697 503 776 533 circa
790 503 895 532 infima
909 502 1017 533 mundi
1032 502 1103 533 doc-

266 547 372 578 tissimi
395 547 511 588 quique
535 546 723 576 arbitrantur
745 545 889 575 accidere.
936 545 975 575 Id
1000 553 1102 575 autem

266 590 296 621 in
313 590 419 632 primis
441 589 582 620 Plotinus
602 588 745 619 detestari
761 588 894 625 videtur,
910 587 995 628 quod
1012 588 1101 618 ratio-

267 633 366 664 nalem
378 632 508 663 animam
522 631 675 662 electionis
688 631 837 668 libertate,
849 638 880 660 et
892 630 1019 660 actionis
1030 642 1102 661 auc-

267 676 390 707 toritate
413 674 521 717 procul
543 674 639 705 dubio
663 673 801 715 privant:
827 672 851 702 si
881 673 973 703 modo
996 684 1102 703 verum

267 719 315 756 sit,
339 718 422 760 quod
450 718 547 755 aiunt,
570 718 720 747 actionem
743 715 912 757 quamlibet
934 715 1043 746 animae
1065 716 1104 746 ab

267 762 384 804 impetu
409 761 564 803 quodam:
589 767 619 790 et
641 760 790 800 impetum
813 758 853 788 ab
877 758 1104 799 imaginatione,

267 812 297 836 et
312 803 558 846 imaginationem
582 814 599 832 a
620 801 763 844 praesenti
787 812 888 831 rerum
913 800 988 831 serie
1004 801 1050 831 vel
1074 801 1104 831 in

267 847 365 884 nobis,
382 846 427 877 vel
448 846 527 877 circa
545 857 598 875 nos
621 850 741 885 agente,
758 843 925 874 necessario
944 844 1104 885 proficisci.

268 892 369 928 Quam
386 901 457 920 vero
473 897 562 930 turpe
579 888 628 924 sit,
645 886 880 917 intellectualem
897 886 1041 923 animam,
1059 886 1104 916 in-

267 944 413 976 corporea
436 944 454 962 a
475 930 654 972 corporibus
679 937 900 971 segregantem,
924 929 1037 970 illaque
1060 929 1106 959 liis

268 984 508 1018 praeponentem,
524 984 686 1015 corporum
712 971 881 1003 necessitati
898 972 1057 1013 subjicere,
1075 972 1106 1002 in

270 1018 442 1060 Theologia
465 1017 536 1047 satis
565 1015 764 1046 ostendimus.
811 1016 882 1045 Non
906 1015 1023 1045 incitari
1050 1027 1104 1045 au-

268 1070 329 1093 tem
353 1074 371 1091 a
401 1060 475 1090 ezelo
500 1059 668 1101 quemlibet
695 1058 787 1088 animi
816 1065 945 1095 motum,
971 1057 1046 1088 Zac-l
1077 1066 1107 1088 et

270 1103 450 1139 Mesadacb,
467 1110 497 1132 et
520 1102 580 1139 alii,
596 1102 649 1131 ubi
666 1102 704 1132 de
720 1101 957 1142 interrogatione
975 1101 1105 1142 loquun-

269 1156 330 1184 tur,
344 1146 509 1177 ostendunt
523 1157 528 1175 ε
546 1145 632 1175 aiunt
648 1144 740 1181 enim,
752 1144 1020 1185 interrogationem
1034 1150 1108 1174 tunc

269 1198 299 1221 et
316 1189 471 1231 judicium
494 1188 647 1218 duntaxat
671 1187 783 1218 babere
806 1187 960 1223 effectum,
982 1186 1108 1228 quando

270 1233 460 1273 interrogans
491 1231 708 1261 vehementiori
739 1230 872 1271 quadam
905 1229 1108 1260 sollicitudine

270 1275 425 1318 quaeritat,
442 1274 527 1316 quasi
545 1282 617 1304 tunc
634 1274 731 1303 solum
749 1273 862 1303 moveri
879 1273 996 1303 caelitus
1009 1273 1109 1302 videa-

271 1328 330 1350 tur.
379 1318 439 1348 Sed
455 1317 580 1359 quando
602 1316 800 1357 iuterrogatio
820 1327 880 1346 non
904 1324 947 1346 est
972 1315 1108 1352 sollicita,

272 1361 497 1392 fallacissimum
515 1372 577 1390 esse
594 1371 784 1401 responsum,
797 1359 882 1400 quasi
897 1366 970 1389 tunc
985 1359 1111 1389 interro-

272 1413 361 1446 gator
376 1416 435 1434 non
453 1411 612 1433 moveatur
627 1415 643 1433 a
668 1402 753 1433 ezelo.
800 1402 882 1439 Quid
899 1402 1013 1444 plura?
1041 1403 1108 1432 Stu-

273 1449 359 1478 dium
383 1455 410 1478 et
436 1446 586 1477 industria
609 1445 836 1476 contradicendi
854 1446 918 1475 fato
941 1445 1028 1475 nobis
1051 1456 1110 1475 non

273 1491 365 1521 datur
381 1502 397 1520 a
415 1490 485 1520 fato.
534 1489 647 1519 Cultus
668 1488 889 1530 supercaelestis
910 1488 969 1518 Dei
989 1488 1019 1518 in
1040 1499 1112 1518 cau-

274 1545 335 1564 sam
352 1534 426 1563 caelo
442 1532 628 1574 superiorem
645 1540 800 1574 postremo
816 1531 986 1561 resolvitur.

309 1622 446 1652 Quomodo
461 1621 552 1646 anima,
567 1622 601 1646 sit
616 1619 807 1655 superfluum,
825 1618 933 1655 infala,
949 1618 1080 1655 subsnlo.

321 1668 418 1698 VIII.
433 1667 614 1698 Communis
629 1666 667 1697 dc
683 1666 746 1697 fato
762 1666 1014 1708 pbilosophorum
1028 1665 1115 1707 opin-

278 1712 307 1742 io
332 1719 387 1748 est,
412 1723 475 1740 esse
496 1710 703 1741 necessitatem
726 1709 880 1750 quandam
906 1721 941 1739 ex
959 1720 1118 1751 corporea-

278 1765 346 1785 rum
363 1765 522 1784 causarum
540 1752 762 1795 conspiratione
774 1752 864 1782 rebus
877 1752 1002 1782 illatam.
1036 1754 1116 1781 Cum

280 1809 352 1827 vero
367 1805 397 1827 et
419 1808 581 1838 corporum
599 1804 700 1826 motus
720 1796 759 1826 ab
780 1795 891 1831 anima,
908 1803 938 1825 et
961 1794 1037 1825 ordo
1052 1806 1119 1825 cor-

282 1840 432 1882 poralium
449 1840 616 1869 formarum
634 1839 673 1868 ab
693 1838 846 1868 intellectu
872 1838 1041 1880 proveniat,
1058 1849 1119 1867 me-

284 1883 341 1913 rito
357 1882 590 1913 intellectualem
608 1882 739 1912 animam
757 1894 773 1911 a
790 1881 976 1917 necessitate,
994 1893 1064 1921 qua?
1081 1892 1117 1910 cx

285 1934 369 1956 motu
391 1934 419 1956 et
441 1926 547 1956 ordine
566 1925 611 1955 vel
637 1925 711 1955 serie
734 1924 883 1966 corporali
908 1924 982 1954 solet
1005 1923 1121 1959 inferri,

285 1969 495 1999 existimamus
519 1967 698 1999 naturaliter
721 1980 784 1998 esse
812 1968 960 1997 solutam:
986 1974 1121 1997 tantum-

287 2023 347 2052 que
362 2012 476 2048 abesse,
493 2012 576 2053 quod
600 2010 781 2052 subjiciatur
796 2010 870 2047 fato,
889 2018 922 2040 ut
945 2010 1034 2040 etiam
1059 2009 1124 2051 ipsa

289 2055 326 2084 sit
341 2054 435 2095 ipsius
450 2055 503 2085 sttti
521 2054 715 2096 principium,
726 2053 875 2094 siquidem
893 2054 990 2083 fatum
1008 2053 1044 2082 sit
1060 2064 1124 2082 cor-

290 2108 381 2138 porea
403 2098 502 2135 series,
530 2098 594 2128 lucc
617 2105 718 2127 autem
742 2097 781 2126 ab
804 2096 904 2126 anima
930 2095 1125 2125 intellectuali

291 2139 471 2181 dependeat.
519 2140 572 2170 Ab
593 2140 704 2175 anima,
729 2139 865 2180 inquam,
884 2138 1015 2169 universi
1037 2138 1127 2168 series

291 2182 493 2213 communiter
509 2183 665 2213 universa:
692 2182 730 2212 ab
751 2182 911 2212 animabus
930 2193 1054 2223 quoque
1069 2194 1127 2211 (Ἃ)-

294 2225 365 2255 teris
387 2225 474 2255 simili
495 2226 628 2267 quadam
657 2225 855 2267 intelligentia
882 2224 1018 2266 praeditis
1038 2224 1128 2254 series

293 2267 366 2298 alibi
388 2268 509 2309 passim,
524 2268 594 2298 alibi
619 2268 750 2310 propria.
797 2269 871 2298 Duo
890 2276 961 2297 sunt
983 2267 1078 2307 igitur
1098 2267 1127 2296 in

294 2310 359 2341 fato
374 2322 485 2352 genera
500 2323 672 2346 causarum,
689 2322 799 2348 eausae,
815 2311 951 2352 inquam,
973 2309 1128 2347 animales,

296 2353 380 2384 velut
396 2353 449 2383 fati
466 2354 624 2395 principia,
640 2354 670 2383 id
687 2361 731 2383 est
747 2354 856 2384 animae
874 2365 936 2383 sese
951 2353 1130 2395 corporibus

296 2395 437 2438 regendis
459 2396 743 2426 accommodantes:
769 2408 868 2426 causae
888 2396 998 2426 iterum
1022 2407 1130 2437 corpo-

297 2438 374 2470 rales
391 2446 535 2480 tanquam
553 2438 734 2479 complentia
750 2439 859 2468 fatum.
894 2440 951 2469 Est
968 2438 1044 2468 ordo
1057 2450 1134 2480 prze-

298 2490 380 2513 terea
395 2481 517 2523 triplex,
531 2489 595 2511 tum
614 2492 775 2522 corporum
793 2481 928 2510 omnium
945 2481 982 2510 ad
1000 2481 1132 2522 primum

299 2536 429 2567 corpus:
458 2531 523 2554 tum
553 2523 724 2554 animarum
752 2523 791 2553 ad
822 2523 950 2564 primam
980 2524 1110 2553 animam
1125 2536 1131 2553 z

301 2575 365 2598 tum
382 2578 545 2609 corporum
561 2566 599 2597 ad
615 2565 740 2601 animas,
756 2576 872 2606 perque
887 2565 1001 2595 animas
1017 2566 1054 2595 ad
1071 2566 1133 2595 ani-

301 2621 381 2641 mam
410 2610 556 2652 primam:
582 2620 698 2651 perque
727 2607 806 2638 illam
837 2607 1070 2638 intellectualem
1094 2609 1133 2638 ad

301 2652 488 2684 intellectum
517 2652 669 2693 primum:
694 2659 785 2692 atque
811 2650 851 2680 ita
874 2650 964 2680 series
995 2651 1133 2681 universa

300 2696 433 2727 fatorum
451 2695 489 2726 ad
506 2695 638 2726 divinam
657 2693 778 2724 tandem
804 2693 954 2735 redigitur
969 2693 1131 2735 providen-

702 147 1131 187 ARGUMENTUM
1162 146 1397 187 MARSIL.
1429 146 1531 187 FIC.

1144 245 1227 276 tiam.
1274 245 1305 276 Si
1322 244 1416 287 igitur
1431 245 1532 275 anima
1547 251 1634 276 extra
1655 257 1767 289 corpus
1783 246 1821 277 sit
1839 246 1973 284 omnino,

1144 288 1279 319 similiter
1293 296 1338 319 est
1353 295 1441 318 extra
1455 288 1552 318 fatum
1568 301 1574 319 ε
1599 288 1622 319 si
1639 289 1676 320 sit
1695 289 1725 319 in
1745 301 1881 331 corpore,
1898 301 1975 332 qua-

1145 339 1233 362 tenus
1255 331 1395 373 indulget
1425 331 1543 373 corpori
1567 331 1745 363 naturaliter
1768 332 1895 374 patienti
1919 332 1977 363 sub

1144 374 1219 412 fato,
1238 374 1303 417 ipsa
1325 385 1450 416 quoque
1472 382 1597 405 eatenus
1618 374 1649 404 in
1664 375 1728 406 fato
1750 375 1878 417 patitur.
1924 375 1977 406 Sin

1145 424 1246 448 autem
1263 429 1319 459 pro
1335 417 1450 447 viribus
1466 428 1496 447 se
1519 429 1536 447 a
1558 428 1683 458 corpore
1704 426 1854 460 segregat,
1871 417 1979 449 solam-

1145 472 1206 501 que
1230 460 1301 491 huic
1328 460 1388 490 vim
1415 459 1625 490 accommodat
1650 461 1829 502 vegetalem,
1856 461 1886 492 in
1915 461 1979 491 fato

1146 503 1297 534 duntaxat
1312 511 1509 545 computatur
1525 510 1558 533 ut
1583 514 1694 544 agens:
1719 504 1782 546 agit
1800 512 1901 534 tamen
1923 515 1980 546 pro

1146 546 1319 576 conditione
1335 546 1484 576 fortunze:
1509 554 1537 576 et
1555 546 1701 576 nonnulla
1716 546 1841 588 quidem
1857 546 1922 589 ipsa
1932 546 1979 577 vel

1146 589 1275 619 naturali
1307 589 1450 619 facultate
1480 596 1645 631 permutat,
1677 589 1724 619 vel
1753 598 1817 620 arte
1846 589 1980 631 quadam

1146 632 1289 662 emendat
1305 640 1333 662 et
1355 632 1488 673 corrigit,
1506 632 1553 662 vel
1570 632 1819 673 magnanimitate
1839 632 1981 663 facillime

1147 674 1264 705 tolerat.
1311 675 1401 712 Quod
1417 683 1519 705 autem
1541 674 1641 705 anima
1657 683 1782 705 eatenus
1796 675 1894 706 fatum
1911 675 1983 706 sub-

1147 724 1206 754 eat,
1231 725 1383 759 quatenus
1406 730 1436 748 se
1466 718 1619 759 immergit
1648 718 1678 748 in
1705 729 1826 760 corpus,
1850 718 1983 749 ostendit

1149 759 1288 790 Timaeus
1303 760 1417 797 dicens,
1435 760 1549 791 animas
1567 769 1639 791 tnnc
1660 761 1793 802 primum
1811 761 1892 802 leges
1908 760 1985 792 didi-

1148 802 1222 832 cisse
1238 802 1354 840 fatales,
1366 815 1437 833 cum
1453 812 1521 833 sunt
1539 805 1709 843 conjunctae
1725 804 1890 835 vehiculis:
1915 803 1985 835 hinc

1150 845 1228 874 enim
1246 845 1299 875 fati
1317 846 1482 876 trabuntur
1497 847 1633 877 exordia.
1682 847 1741 877 Sed
1758 847 1883 884 interea,
1899 847 1983 889 quod

1152 887 1245 917 libero
1261 896 1346 918 motu
1370 896 1399 918 et
1414 890 1511 919 fatum
1534 889 1655 927 adeant,
1671 897 1701 920 et
1724 889 1867 932 deinceps
1889 901 1985 931 quan-

1150 930 1253 971 doque
1269 942 1299 960 se
1316 930 1430 962 solvere
1443 931 1568 973 possint,
1583 933 1726 969 declarat,
1738 933 1820 974 quod
1838 932 1878 963 ait
1897 932 1986 963 Plato

1151 981 1180 1003 et
1204 973 1232 1003 in
1258 973 1379 1004 Tima‘o
1409 982 1438 1004 et
1469 974 1497 1004 in
1529 974 1646 1005 decimo
1669 975 1707 1005 de
1732 976 1857 1018 Repub.
1882 976 1984 1006 Deum

1151 1016 1289 1046 docuisse
1307 1016 1423 1047 animas
1439 1024 1503 1047 tum
1522 1017 1627 1048 fatales
1643 1019 1735 1060 leges,
1752 1026 1817 1049 tum
1839 1018 1985 1049 rationem

1146 1059 1226 1100 juris
1248 1059 1342 1089 divini
1360 1059 1473 1101 pariter
1492 1067 1521 1089 et
1544 1059 1680 1097 humani,
1698 1069 1731 1091 ut
1754 1069 1840 1092 extra
1863 1061 1985 1103 culpam

1153 1103 1240 1132 Deus
1262 1102 1415 1139 existeret,
1439 1111 1467 1133 et
1491 1102 1587 1139 addit,
1610 1103 1752 1134 virtutem
1778 1104 1988 1146 rationemque

1153 1145 1277 1176 liberam
1295 1157 1368 1175 esse.

1154 1233 1293 1263 Quomodo
1319 1234 1408 1259 (otium
1436 1234 1460 1259 in
1483 1233 1549 1269 fale
1570 1235 1604 1260 sil
1625 1238 1653 1259 11!
1677 1242 1778 1268 agens:
1802 1235 1931 1268 quomodo
1961 1239 1989 1261 ut

1284 1274 1389 1308 patiens
1400 1285 1408 1299 :
1436 1274 1496 1300 ilem
1513 1275 1544 1299 de
1560 1275 1741 1308 contingentia
1758 1283 1856 1300 rerum.

1198 1320 1263 1350 IX.
1288 1319 1336 1350 Ad
1360 1319 1426 1350 illos
1448 1328 1562 1357 autem,
1586 1321 1638 1362 qui
1664 1320 1817 1358 dicebant,
1844 1321 1990 1363 quicquid

1154 1363 1200 1399 tit,
1216 1363 1284 1393 idco
1301 1363 1466 1393 necessario
1485 1372 1514 1394 et
1536 1363 1750 1394 inevitabiliter
1772 1364 1902 1402 evenire,
1920 1364 1993 1406 quia

1155 1413 1273 1437 cuncta·
1290 1406 1377 1436 simul
1396 1418 1494 1436 causa·
1510 1414 1747 1437 connectantur:
1773 1406 1878 1449 positis
1889 1415 1992 1438 autem

1155 1449 1298 1479 omnibus
1322 1449 1458 1490 undique
1483 1450 1590 1486 causis,
1612 1450 1737 1480 effectus
1760 1450 1928 1481 necessario
1951 1461 1995 1481 se-

1158 1492 1265 1533 quitur
1279 1504 1285 1522 ε
1306 1492 1369 1533 jam
1388 1492 1428 1522 sic
1445 1492 1605 1533 objicitur:
1633 1492 1762 1523 Etiamsi
1778 1493 1864 1523 vobis
1879 1493 1909 1524 id
1926 1504 1996 1524 con-

1160 1535 1296 1573 cedatur,
1313 1535 1523 1565 ant-unitatem
1542 1544 1640 1566 tamen
1659 1547 1743 1566 suam
1760 1543 1859 1577 potest
1875 1536 1995 1567 animus

1163 1579 1310 1608 retinere:
1336 1590 1404 1608 nam
1431 1586 1457 1608 et
1484 1579 1545 1619 ipse
1571 1587 1615 1609 cst
1639 1578 1668 1608 in
1694 1578 1800 1609 ordine
1822 1590 1994 1614 causarum,

1162 1629 1226 1652 tuni
1240 1621 1435 1657 naturalium,
1450 1630 1667 1663 quatenusper
1680 1621 1739 1651 vim
1753 1621 1919 1663 vegetalcm
1935 1633 1995 1652 non

1162 1664 1288 1706 patitur,
1313 1664 1364 1694 sed
1389 1664 1451 1705 agit
1476 1664 1504 1694 in
1534 1676 1670 1706 corpore,
1696 1673 1760 1695 tum
1785 1676 1901 1702 earum,
1926 1676 1996 1706 qua>

1162 1707 1319 1737 voluntate
1343 1707 1468 1745 faciunt,
1489 1707 1619 1749 ideoque
1643 1719 1679 1737 cx
1704 1719 1734 1737 se
1756 1707 1912 1749 libereque
1934 1719 1998 1738 mo-

1163 1758 1281 1780 ventur.
1328 1750 1459 1787 Quando
1490 1750 1583 1790 igitur
1613 1750 1732 1780 animus
1758 1750 1893 1791 linguam
1925 1750 1994 1781 bra-

1163 1793 1329 1835 chiumque
1353 1805 1473 1823 movere
1495 1793 1639 1830 ‹leci-crit,
1656 1791 1821 1823 necessario
1841 1794 1875 1824 fit
1897 1802 1999 1824 motus

1164 1836 1192 1866 in
1217 1836 1365 1872 membro,
1386 1836 1408 1865 si
1432 1836 1523 1865 modo
1545 1848 1643 1866 causze
1666 1844 1784 1866 cuncta·
1806 1845 1999 1874 concurrant,

1164 1891 1224 1909 una
1239 1891 1308 1910 cum
1326 1878 1470 1909 electione
1487 1879 1624 1909 videlicet
1648 1886 1740 1920 atque
1757 1879 1922 1921 proposito,
1940 1879 2000 1910 sin-

1165 1922 1239 1963 gula
1263 1933 1334 1963 quae
1355 1922 1561 1958 circumstant,
1587 1922 1617 1951 id
1637 1929 1691 1959 est,
1713 1933 1907 1964 qua¹cunque
1930 1930 2001 1953 sunt

1166 1973 1278 2007 przetcr
1300 1965 1447 2001 animuin,
1464 1976 1595 2006 quorum
1616 1976 1781 1995 concursus
1804 1964 1853 1996 liic
1876 1966 1999 1996 fortuna

1168 2016 1312 2038 vocatur:
1337 2008 1445 2038 seilicet
1472 2016 1503 2038 ut
1529 2008 1664 2037 membra
1689 2008 1747 2037 siut
1771 2016 1852 2049 apta,
1874 2016 1904 2038 et
1927 2008 2000 2038 nihil

1167 2051 1275 2081 obstet.
1322 2053 1555 2081 Amnum-ratur
1569 2051 1657 2081 etiam
1676 2050 1754 2081 inter
1771 2058 1912 2081 externas
1933 2063 2003 2081 cau-

1170 2106 1226 2130 sas,
1240 2105 1310 2135 qum
1326 2094 1459 2123 fot-tima*
1476 2093 1596 2123 nomine
1612 2093 1823 2134 designantur,
1836 2093 1858 2124 si
1875 2093 1948 2135 quid
1965 2106 2001 2124 ex

1171 2137 1302 2167 universi
1319 2145 1402 2166 motu
1427 2148 1486 2167 una
1507 2148 1574 2166 eum
1600 2136 1797 2177 sequentibus
1817 2137 1915 2167 causis
1934 2148 2004 2167 con-

1171 2180 1255 2210 ducit
1280 2180 1319 2210 ad
1349 2192 1438 2221 opus.
1484 2180 1572 2221 Opus
1601 2179 1704 2221 itaque
1731 2188 1803 2209 tunc
1829 2179 2005 2210 necessitate

1172 2222 1319 2265 procedit,
1337 2234 1395 2252 non
1413 2231 1512 2253 tamen
1529 2222 1648 2252 animus
1664 2230 1809 2264 tanquam
1829 2222 2005 2264 compulsus

1172 2273 1312 2296 movetur
1327 2265 1364 2295 ad
1381 2277 1469 2307 opus,
1485 2265 1506 2295 si
1524 2277 1622 2306 neque
1637 2265 1865 2295 incitamentum
1882 2276 1918 2296 ex
1937 2276 2003 2296 cor-

1172 2320 1245 2351 pore
1269 2320 1429 2350 surrepens
1455 2308 1591 2350 sequitur
1614 2308 1764 2349 eligendo,
1787 2319 1886 2350 neque
1908 2315 2004 2338 exter-

1174 2363 1247 2383 num
1271 2352 1382 2391 cogitat
1405 2351 1482 2381 circa
1505 2363 1649 2393 corporea
1675 2350 1868 2381 commodum
1891 2350 1936 2381 vel
1961 2350 2004 2380 in-

1175 2395 1381 2425 commodum.
1436 2395 1544 2435 Neque
1574 2394 1697 2424 omnino
1725 2402 1840 2435 spectat
1869 2401 2002 2427 externa,

1176 2449 1276 2478 neque
1292 2437 1366 2467 falsa
1381 2437 1522 2478 opinione
1533 2437 1696 2479 decipitur,
1709 2436 1760 2467 sed
1776 2434 2003 2477 intelligentiam

1178 2481 1386 2521 rationemque
1409 2488 1520 2510 certam
1546 2487 1576 2510 et
1605 2479 1751 2521 passionis
1776 2486 1928 2520 expertem
1954 2477 2005 2507 ha-

1179 2523 1251 2553 beut
1273 2523 1393 2560 ducem,
1409 2531 1502 2564 atque
1524 2522 1562 2553 ad
1584 2522 1677 2563 ipsius
1695 2522 1842 2563 optimum
1866 2519 2002 2550 habitum

1178 2566 1261 2596 velut
1277 2566 1315 2596 ad
1332 2566 1421 2595 tinem
1438 2565 1539 2595 omnia
1555 2565 1668 2606 dirigit.
1706 2565 1755 2595 Ex
1770 2575 1805 2594 eo
1819 2570 1910 2599 certe,
1921 2562 2004 2603 quod

1178 2609 1296 2650 sapiens
1315 2608 1434 2638 animus
1453 2608 1492 2638 ad
1510 2620 1540 2638 se
1561 2608 1640 2638 velut
1662 2606 1700 2637 ad
1721 2607 1810 2636 finem
1833 2604 1936 2646 dirigit
1958 2616 2005 2635 ac-

1178 2651 1284 2687 tiones,
1309 2659 1425 2682 constat
1445 2651 1543 2693 ipsum
1568 2661 1626 2680 non
1650 2656 1819 2684 externum,
1838 2646 1890 2676 sed
1912 2646 2005 2677 inter-

1178 2705 1251 2723 num
1282 2694 1407 2725 aetionis
1431 2692 1613 2736 principium
1639 2690 1798 2733 possidere.
1846 2690 2006 2720 Hactenus
