2201 2990
612 157 677 196 IN
707 156 814 196 LIB.
845 156 964 194 VIlI.
995 155 1251 196 ENNEAD.
1284 157 1502 197 PRIMAE.

204 257 279 288 riam
295 256 505 299 amplectatur,
522 261 587 285 tum
609 260 725 295 egestas
742 252 951 294 appetitioque
966 264 1030 283 ma-

206 300 298 337 teriae,
315 307 379 330 tum
395 298 502 328 animae
520 296 703 327 foecunditas
714 295 811 326 efficit.
853 295 955 336 Igitur
966 295 1032 325 brec

205 343 269 385 ipsa
283 341 461 383 complexio,
477 346 626 381 quantum
648 350 684 369 ex
707 338 816 368 animae
832 337 1031 368 foecunditate

204 385 361 427 contingit,
378 384 456 414 bona
477 390 521 413 est
544 381 781 424 quodammodo,
798 381 940 422 bonaque
962 392 1031 422 pro-

203 427 297 464 ducit,
328 427 419 457 vitam
451 425 562 456 scilicet
598 424 743 466 aliquam,
773 430 866 465 atquc
895 423 1027 454 formas:

203 478 351 512 quantum
374 480 445 499 vero
468 480 504 498 ex
530 467 663 509 quadani
688 467 822 497 materia¹
848 466 1030 508 procacitate

202 513 361 550 conflatur,
378 511 457 542 mala
476 518 531 548 est,
556 510 697 553 paritque
719 509 808 547 mala,
826 509 858 539 id
881 517 935 546 est,
960 509 1030 540 vita¹

201 555 397 593 debilitatem,
412 553 591 595 cognitionis
612 552 839 595 impedimenta,
856 552 1031 583 innumeras

200 598 290 629 animi
305 597 466 640 passiones.

202 686 338 712 Probatur
363 685 502 711 materiam
530 693 582 710 esse
608 684 708 711 scilicet
733 692 843 719 prorsus
868 682 1007 719 informem
1019 695 1027 709 .-

239 726 301 752 item
316 734 368 751 esse
382 726 408 751 in
424 725 520 751 mundo
538 724 639 750 malum
652 736 660 750 .·
684 733 737 750 esse
752 724 846 750 bonum
859 735 868 750 .·
893 724 1029 754 Quomodo

239 766 401 802 malumfiat
418 766 443 792 in
459 766 566 791 anima:
585 765 721 795 Quomodo
735 765 849 791 materia
862 765 932 791 incus
947 765 1028 797 mala,

237 807 282 833 sed
296 810 371 833 extra
385 809 423 832 est
437 806 567 841 adoperta
583 805 658 832 bono.

241 862 316 892 XV.
340 860 477 899 Quaestio
507 868 591 890 sexta
628 860 657 890 in
695 872 760 902 cap.
793 860 864 890 XV.
895 859 1028 897 dubitat,

198 905 313 935 Utrum
329 904 359 934 iu
375 904 431 934 hoc
447 903 557 934 summi
573 903 645 933 boui
665 915 760 945 regno
775 910 837 933 tam
857 903 937 933 bono
953 910 1029 933 tam-

196 959 257 989 que
278 947 411 978 formoso
431 959 494 977 esse
517 954 609 988 queat
631 946 757 977 materia
780 958 905 988 prorsus
932 946 1027 976 infor-

196 990 263 1028 mis,
279 1002 313 1021 ac
328 990 442 1021 malum
458 990 582 1020 omnino
597 989 743 1020 deforme.
790 991 941 1031 Oportere
956 1001 1029 1020 vero

196 1033 350 1064 materiam
375 1045 448 1071 esse,
464 1045 519 1063 nos
538 1033 568 1063 iu
592 1033 799 1075 superioribus
818 1040 848 1063 et
870 1033 901 1063 in
925 1033 1029 1063 Theo-

195 1076 272 1118 logia
288 1077 463 1119 probamus,
481 1083 511 1107 et
525 1076 597 1106 alibi
609 1088 677 1106 cum
692 1075 814 1106 Plotiuo
825 1076 936 1106 iterum
949 1088 1029 1106 com-

196 1119 377 1161 probamus:
403 1127 495 1161 atque
518 1119 558 1150 sic
579 1119 609 1149 in
631 1119 791 1192 praesentia
806 1119 939 1149 breviter
954 1131 1027 1149 con-

196 1163 360 1193 firmamus.
399 1164 535 1204 Operum
546 1162 635 1204 singu
649 1174 736 1193 orum
747 1163 864 1200 formae,
876 1162 937 1192 sive
952 1170 1027 1200 arte,

196 1205 257 1236 sive
272 1213 381 1236 natura
395 1206 480 1243 fiant,
496 1205 527 1235 in
544 1205 684 1236 materias
700 1205 814 1247 ubique
829 1205 968 1247 proprias
984 1217 1028 1236 rc»-

196 1248 366 1279 solvuntur.
412 1250 488 1286 Quae
513 1248 638 1290 quidem
658 1248 792 1279 materiae
816 1256 966 1289 quantum
987 1248 1026 1279 ad

196 1292 308 1322 formas
330 1300 435 1333 postea
457 1291 676 1333 comparandas
699 1291 862 1333 pertinent,
884 1299 955 1321 sunt
976 1291 1024 1321 in-

196 1335 323 1365 formes:
349 1335 488 1376 quamvis
506 1335 634 1365 formam
655 1334 766 1364 habere
789 1334 877 1364 aliam
899 1334 1023 1376 possint.

197 1377 337 1408 Univcrsi
350 1378 444 1419 igitur
455 1378 603 1408 mundani
615 1377 715 1419 operis
725 1378 832 1415 forma,
845 1389 916 1419 quae
928 1377 1026 1407 forma

195 1428 240 1451 est
263 1421 413 1457 universa,
432 1420 461 1451 in
485 1420 641 1451 materiam
664 1420 814 1461 redigitur
836 1431 960 1462 prorsus
982 1420 1026 1450 in-

194 1464 341 1494 formem:
366 1475 400 1494 ac
420 1463 443 1493 si
465 1464 599 1505 fingatur
620 1463 744 1494 materia
763 1463 838 1500 liaec,
853 1463 892 1493 de
914 1475 976 1504 qua
991 1464 1026 1494 fit

195 1507 380 1543 universum,
407 1506 540 1548 aliquam
566 1506 667 1536 adhuc
693 1514 805 1548 praeter
833 1506 1024 1536 mundanum

192 1549 304 1580 habere
320 1550 458 1586 formam,
474 1549 573 1579 forma
593 1549 698 1580 saltem
714 1549 863 1591 ejusmodi
881 1549 911 1579 in
927 1555 1023 1580 mate-

192 1592 267 1623 riam
283 1604 338 1635 per
353 1604 384 1623 se
399 1592 481 1622 omni
498 1593 596 1622 forma
610 1600 761 1622 carentem
778 1592 910 1633 denique
925 1592 1022 1623 dedu—

192 1642 295 1666 cetur:
324 1635 380 1665 uisi
398 1635 467 1677 quis
482 1635 560 1666 forte
575 1635 632 1665 sub
648 1636 746 1665 forma
766 1634 821 1665 hac
839 1635 927 1665 aliam
951 1646 1020 1665 rur-

193 1690 304 1720 susque
316 1678 404 1709 aliam
415 1678 530 1720 absque
541 1679 600 1708 fine
612 1678 733 1708 subesse
746 1679 898 1720 confingat
913 1690 918 1708 :
936 1679 1018 1720 quod

192 1722 314 1763 quidem
331 1721 395 1752 ficri
411 1721 534 1763 nequit:
560 1729 626 1752 tum
641 1721 725 1763 quia,
738 1733 808 1751 cum
824 1722 922 1751 forma
937 1733 1020 1763 quae-

192 1765 265 1795 libet
281 1765 468 1806 subsequens
490 1764 555 1795 loco
577 1764 710 1795 materiae
724 1764 782 1794 alia
805 1764 842 1795 sit
857 1765 956 1795 forma
971 1764 1022 1795 de-

194 1808 293 1845 terior,
310 1815 389 1839 certe
412 1807 563 1849 processio
582 1807 646 1838 haec
661 1807 808 1849 paulatim
829 1807 971 1838 deficiens
990 1808 1021 1838 in

192 1851 335 1888 deterius,
352 1850 382 1880 in
394 1850 545 1881 infinitum
562 1850 728 1893 perdurare
743 1862 802 1881 non
819 1858 936 1892 potest:
955 1858 1021 1881 tum

194 1894 276 1935 quia,
293 1894 314 1924 si
331 1905 481 1935 nusquam
497 1894 595 1936 prima
609 1894 717 1932 forma,
732 1905 786 1924 nec
809 1905 939 1936 usquam
956 1905 1019 1924 ma-

195 1936 269 1967 teria
279 1936 377 1978 prima
388 1937 522 1974 daretur,
533 1948 683 1979 nusquam
698 1937 783 1979 operi
798 1936 923 1967 daretur
935 1949 1020 1967 exor-

195 1979 299 2009 dium:
325 1979 385 2009 imo
406 1980 599 2010 materiarum
614 1980 844 2022 formarumque
861 1980 953 2011 turba
974 1980 1020 2010 in-

195 2021 388 2052 numerabilis
417 2022 516 2064 operis
544 2023 738 2054 construendi
773 2023 933 2066 principio,
969 2023 1022 2053 fini

194 2065 306 2102 ordini,
329 2064 431 2095 unioni
454 2077 576 2107 prorsus
604 2066 832 2097 adversaretur:
858 2073 924 2097 tum
949 2066 1022 2108 quia

195 2107 330 2144 materia,
354 2119 422 2138 cum
448 2108 487 2139 ob
512 2109 665 2139 defectum
689 2109 848 2151 proprium
870 2121 901 2140 se
923 2109 1019 2151 ipsam

196 2151 326 2181 formare
346 2161 406 2180 non
431 2151 534 2192 possit,
558 2151 687 2194 ideoque
714 2152 863 2183 formetur
887 2153 925 2183 ab
948 2152 1017 2191 alio,

197 2193 360 2224 terminum
389 2193 542 2236 utrimque
570 2195 748 2233 formarum,
778 2203 843 2226 tum
872 2195 1018 2238 primum,

1839 176 1911 214 135

1077 261 1143 284 tum
1177 252 1318 283 ultimum
1347 265 1365 283 a
1402 255 1549 296 superiori
1583 256 1716 297 quodam
1746 258 1909 291 formatore

1076 296 1221 326 sortitur:
1247 302 1313 325 tum
1331 295 1463 338 denique
1486 308 1556 328 cum
1579 298 1617 328 ad
1641 299 1823 341 principium
1844 303 1909 333 uni-

1075 338 1151 369 versi
1196 338 1341 380 primum,
1383 340 1537 382 finemque
1578 341 1720 372 ultimum
1760 344 1906 383 veniatur,

1074 381 1183 412 merito
1199 392 1259 411 non
1276 381 1344 412 licet
1364 393 1418 423 per
1438 383 1579 413 materias
1594 390 1686 425 atquc
1702 384 1824 424 formas,
1839 400 1908 428 quae

1073 425 1112 454 ab
1141 424 1288 455 efficiente
1318 424 1468 467 principio
1503 426 1543 456 ad
1572 427 1663 457 finem
1695 434 1813 458 certum
1842 441 1908 471 per-

1073 467 1144 498 duci
1170 467 1278 505 solent,
1301 468 1417 510 absque
1444 469 1570 500 exordio
1592 470 1783 512 terminoque
1806 483 1909 513 proce-

1074 510 1154 541 dere.
1201 511 1314 552 Itaque
1338 511 1479 542 universo
1496 512 1664 543 formarum
1683 513 1782 544 ordini
1805 514 1908 546 subest

1074 555 1201 584 materia
1224 565 1279 595 per
1300 566 1331 584 se
1353 566 1478 596 prorsus
1498 555 1654 586 informis:
1681 557 1784 587 subest
1804 557 1908 600 itaque

1074 597 1189 627 malum
1212 596 1310 635 bonis,
1327 598 1411 639 quod
1434 598 1558 639 quidem
1582 600 1747 631 necessario
1770 601 1908 642 sequitur

1073 639 1145 670 boni
1174 639 1340 671 defectum.
1386 641 1464 671 Boni
1490 653 1561 672 vcro
1591 642 1729 673 defectus
1758 643 1907 675 minorem

1072 683 1144 713 boni
1171 683 1302 725 gradum
1331 684 1507 715 necessitate
1530 686 1736 727 consequitur.
1783 687 1907 718 Bonum

1072 724 1206 768 denique
1218 726 1319 756 minus
1333 727 1405 758 boni
1421 727 1516 769 ipsius
1531 728 1672 759 effectum
1688 729 1795 771 procul
1811 729 1907 761 dubio

1074 769 1248 800 comitatur.
1294 769 1380 801 Sicut
1405 770 1500 813 igitur
1526 783 1563 802 ex
1593 771 1659 814 ipso
1684 772 1765 803 bono
1791 773 1907 804 malum

1074 812 1195 843 tandem
1218 813 1384 843 necessario
1411 814 1550 856 sequitur
1575 815 1751 846 necessitate
1776 824 1905 854 naturae,

1073 855 1114 886 sic
1137 856 1277 893 vicissim,
1294 856 1317 886 si
1340 856 1455 888 malum
1474 857 1572 895 tollas,
1596 859 1772 896 necessario,
1796 859 1908 891 scilicet

1073 899 1249 929 necessitate
1278 901 1513 942 consequentiae,
1537 901 1623 932 tolles
1645 909 1675 932 et
1701 902 1827 933 bonum.
1875 903 1906 934 Si

1071 941 1146 972 nihil
1163 954 1291 984 usquam
1309 950 1454 985 tauquam
1471 944 1598 982 bonum,
1614 952 1668 975 aut
1690 945 1804 976 malum
1821 946 1907 977 uobis

1070 993 1220 1023 occurrat,
1237 985 1289 1016 sed
1305 987 1407 1017 omnia
1422 987 1626 1018 indifferentia
1640 988 1710 1025 sint,
1728 996 1762 1019 ut
1779 989 1906 1031 quidam

1071 1029 1233 1066 somniant,
1263 1040 1422 1071 nunquam
1455 1031 1500 1061 vel
1531 1031 1755 1073 prosequendo,
1781 1032 1828 1062 vel
1855 1033 1905 1063 fu-

1071 1071 1184 1113 giendo
1207 1072 1379 1103 movebitur
1402 1074 1568 1116 appetitus,
1588 1075 1715 1105 cessabit
1736 1082 1766 1105 et
1788 1087 1903 1113 sensuS,

1071 1115 1124 1156 qui
1141 1115 1235 1157 hujus
1250 1115 1405 1146 ministerii
1421 1117 1520 1158 gratia
1536 1124 1581 1148 est
1595 1129 1614 1148 a
1628 1125 1738 1148 natura
1750 1118 1902 1149 tributus:

1071 1158 1199 1189 cessabit
1217 1166 1247 1189 et
1269 1159 1448 1190 intellectus.
1497 1160 1583 1191 Sicut
1605 1161 1684 1191 enim
1709 1162 1789 1192 bono
1811 1162 1905 1192 sensi·

1071 1200 1123 1230 bili
1141 1201 1231 1232 servit
1247 1213 1362 1241 sensus,
1375 1202 1416 1234 sic
1432 1202 1603 1234 intellectus
1618 1204 1799 1246 intelligibili
1812 1205 1904 1236 servit

1070 1243 1159 1275 bono.
1208 1246 1258 1275 Ex
1281 1257 1344 1286 quo
1368 1245 1458 1276 etiam
1482 1253 1575 1286 patet,
1604 1247 1705 1288 ipsum
1729 1247 1904 1289 simpliciter

1072 1287 1185 1318 bonum
1201 1299 1264 1318 esse
1290 1287 1443 1319 intellectu
1465 1290 1680 1330 praestantius:
1706 1291 1902 1333 quandoqui—

1069 1330 1137 1360 dem
1152 1331 1267 1361 bonum
1281 1342 1404 1372 quoquc
1419 1331 1609 1373 intelligibile
1619 1333 1847 1374 quodammodo
1859 1342 1903 1365 est

1068 1373 1222 1404 intellectu
1247 1374 1396 1415 superius,
1445 1376 1525 1405 Cum
1548 1375 1645 1417 igitur
1667 1376 1697 1406 in
1718 1376 1784 1419 ipso
1800 1388 1903 1408 rerum

1068 1416 1174 1447 ordine
1197 1417 1354 1447 videamus
1376 1417 1519 1459 plurima,
1541 1419 1651 1460 partim
1676 1419 1767 1457 bona,
1791 1420 1901 1462 partim

1068 1459 1158 1497 mala,
1175 1460 1324 1501 quaehinc
1337 1460 1461 1501 quidem
1478 1461 1598 1503 probes,
1613 1461 1684 1492 inde
1699 1474 1758 1493 non
1772 1463 1898 1505 probes:

1068 1502 1140 1533 item
1166 1503 1224 1533 alia
1254 1503 1389 1541 meliora,
1414 1504 1472 1534 alia
1498 1515 1620 1535 rursum
1651 1504 1816 1536 deteriora:
1851 1518 1901 1537 ne—

1067 1546 1229 1576 cessarium
1253 1555 1308 1583 est,
1331 1547 1499 1588 composita
1529 1547 1593 1577 haec
1617 1547 1657 1578 ad
1683 1548 1811 1590 simplex
1836 1549 1899 1591 pri-

1066 1600 1214 1631 mumque
1240 1589 1366 1628 bonum,
1392 1590 1431 1620 ad
1462 1590 1589 1632 simplex
1616 1590 1813 1633 primumque
1838 1604 1901 1623 ma-

1065 1631 1130 1662 lum
1155 1632 1212 1663 rite
1236 1632 1393 1663 resolvere.
1431 1634 1506 1664 Post
1529 1633 1594 1664 hzec
1617 1641 1718 1664 autem
1741 1635 1900 1667 confirmat

1064 1674 1175 1705 iterum
1198 1676 1307 1706 animae
1330 1676 1443 1706 malum
1464 1676 1588 1707 aliunde
1607 1677 1792 1719 contingere,
1807 1686 1899 1720 atquc

1064 1718 1095 1748 id
1121 1718 1260 1749 videlicet
1282 1730 1319 1749 ex
1347 1720 1479 1750 materia.
1526 1720 1650 1762 Quippe
1670 1732 1740 1751 cum
1765 1722 1900 1763 corporis

1064 1762 1163 1803 gratia
1189 1762 1286 1792 solum
1316 1762 1435 1793 animus
1462 1763 1608 1805 patiatur,
1635 1764 1754 1805 corpori
1778 1765 1897 1803 metuit,

1065 1805 1183 1847 corpori
1194 1805 1391 1847 concupiscit,
1403 1806 1538 1848 corporis
1552 1818 1642 1837 causa
1656 1806 1749 1844 dolet,
1762 1807 1896 1849 impulsu

1065 1848 1198 1889 corporis
1227 1848 1442 1890 imaginatione
1472 1849 1625 1887 turbatur,
1656 1850 1731 1880 dum
1756 1851 1900 1882 turbatur

1064 1891 1270 1933 imaginando,
1284 1891 1374 1922 falsas
1389 1893 1533 1923 combibit
1550 1892 1716 1934 opiniones.
1755 1894 1898 1936 Denique

1064 1935 1179 1966 malum
1198 1935 1307 1965 animae
1330 1935 1370 1966 sic
1392 1936 1507 1966 accedit
1529 1936 1727 1973 extrinsecus,
1747 1936 1825 1968 sicut
1847 1949 1898 1967 ex-

1065 1979 1212 2009 trinsecus
1223 1977 1331 2008 accidit
1344 1979 1477 2009 materia?
1487 1980 1612 2009 bouum.
1652 1980 1773 2010 Rursus
1788 1980 1897 2011 anima)

1065 2022 1180 2053 bouum
1202 2021 1381 2052 intrinsecus
1401 2022 1498 2052 oritur
1518 2034 1555 2052 ex
1577 2022 1771 2053 intellectuali
1787 2023 1897 2054 animae

1064 2065 1163 2096 forma
1176 2077 1181 2095 :
1201 2064 1277 2095 sicut
1293 2071 1322 2094 et
1337 2065 1471 2095 matcriae
1486 2065 1600 2095 malum
1616 2065 1689 2096 latet
1704 2065 1895 2103 intrinsecus,

1064 2120 1101 2139 ex
1128 2109 1193 2151 ipsa
1216 2107 1426 2139 intellectualis
1447 2109 1553 2140 sormae
1576 2108 1776 2151 imaginisque
1796 2109 1897 2141 vacui-

1063 2159 1125 2183 tate
1138 2150 1333 2194 proveniuns.
