2201 2990
931 125 1000 159 DE
1029 125 1268 158 PLOTINO.

1872 139 1969 161 XXXV

234 227 459 273 Pythagorici
479 226 508 258 Ι.
529 225 560 258 6.
581 227 613 261 7.
650 224 719 258 ΙΙΙ.
741 226 772 256 1.
803 223 963 266 (Veteres
983 223 1011 256 I.
1033 225 1089 260 19.
1110 225 1167 256 21.
1205 223 1253 256 II.
1273 222 1350 267 21.)

231 286 413 330 Sosigenes
432 283 679 326 peripateticus
700 281 726 315 Ι.
748 284 780 314 3.

231 342 350 380 Stoici,
369 340 397 374 I.
419 342 474 377 19.
495 341 552 373 21.
573 341 630 372 24.
651 341 707 372 35.
745 339 793 372 II.
814 341 871 372 22.

229 399 375 443 Scripsit
406 398 511 431 etiam
543 397 711 430 adversus
744 397 875 430 Plotini
906 397 1073 442 dogmata
1103 396 1146 428 de
1176 394 1320 428 Animae
1350 393 1563 441 Προϋπράξει
1590 400 1626 429 et
1653 398 1961 442 transmigratione

277 455 485 500 Anonymus
509 455 652 498 quidam
679 455 837 494 Graecus,
862 455 922 498 qui
950 455 985 487 in
1013 454 1175 488 Caesarea
1202 452 1285 485 bibl.
1312 457 1471 496 superest
1490 453 1579 493 MS„
1599 458 1639 487 ut
1660 455 1733 487 dixi
1761 456 1804 488 ad
1828 456 1959 491 Plotini

278 515 386 547 vitam
411 525 484 557 cap.
505 515 562 546 24.
582 525 634 546 nr.
654 515 687 546 3.

742 512 830 558 [Est
853 512 910 545 hic
936 512 1024 545 liber
1043 508 1250 556 Nicephori
1270 507 1434 551 Claunmi,
1456 509 1530 545 sive
1553 510 1809 553 Nathana‹·1·lis‚
1828 514 1870 546 de
1892 525 1961 557 quo

275 572 416 605 homine
443 572 545 615 plura
569 570 730 604 dicentur
753 571 795 603 ad
821 571 947 603 calcem
968 569 1101 603 Plotini
1128 580 1286 614 operum,
1306 568 1366 602 ubi
1391 581 1471 602 eum
1498 570 1655 604 libellum
1683 571 1844 604 secundis
1868 573 1961 605 curis

276 630 499 664 emendatum
520 630 696 674 adjiciam.
734 626 815 673 Cr.]

229 788 246 798 '⁴
263 783 509 811 animadvertendi
524 792 649 810 errorem
665 782 740 819 apud
756 782 955 813 Ciacconium.
968 782 1066 809 Fabri-

228 828 245 838 '¹
263 824 338 852 cium
354 824 498 860 aliosque;
522 826 602 861 cujus
624 824 763 861 originem
779 832 951 860 cognoscere
972 829 1001 850 et
1018 833 1065 850 ex-

227 868 245 879 “
261 865 368 901 plicare
389 874 482 901 neque
505 865 606 891 inutile
626 874 720 900 neque
742 864 928 901 injucundum
947 863 1066 890 fortasse

227 909 245 918 ‘¹
262 905 358 933 fuerit.
388 906 439 932 Est
448 905 604 932 Academia
615 905 727 932 Veneta
738 905 881 941 appellata
892 904 961 931 della
972 904 1065 934 Fama,

227 949 246 959 “’
262 955 325 982 quae
340 946 375 973 ab
391 956 467 973 anno
488 946 561 981 1558
577 946 611 972 ad
630 947 699 981 1561
717 945 822 975 floruit.
835 945 947 981 scriptis
962 945 1066 972 multo-

227 990 245 1000 “
261 996 323 1013 rum
335 989 395 1024 jam
412 986 542 1017 celebris,
559 996 592 1013 ac
607 986 764 1022 praesertim
781 986 807 1013 J.
821 986 855 1012 G.
873 985 971 1012 Lunze
987 995 1065 1012 com-

227 1030 245 1040 “
261 1027 403 1054 mentario
415 1027 450 1054 de
466 1036 499 1054 ea
515 1027 592 1054 edito
605 1027 707 1063 Lipsiae
723 1036 747 1053 a.
764 1026 846 1053 1801.
859 1032 887 1053 et
901 1026 1066 1053 Renouardi

226 1071 244 1081 “¹
261 1066 471 1104 Supplemento
487 1068 521 1094 ad
535 1068 660 1095 Annales
673 1067 791 1094 Aldinos
807 1076 830 1093 a.
843 1067 925 1094 1812.
938 1067 1064 1103 vulgato.

226 1111 244 1121 “
261 1108 386 1135 Mirifica
400 1114 475 1139 sunt,
492 1118 554 1144 quae
570 1108 605 1135 de
626 1108 740 1134 ausibus
759 1113 849 1134 coetus
870 1107 946 1134 illius
968 1107 1002 1134 ad
1020 1107 1066 1133 Li-

226 1152 243 1162 “
261 1155 336 1175 teras
350 1149 549 1185 provehendas
569 1154 719 1179 constant;
743 1157 776 1174 ac
791 1148 931 1174 librorum
947 1148 991 1174 vel
1005 1149 1064 1184 jam

227 1192 244 1203 “
262 1189 445 1219 exstantium,
462 1189 508 1216 vel
523 1191 583 1226 ejus
606 1189 700 1216 studio
720 1188 915 1215 faciendorum
939 1188 1064 1215 edendu-

226 1233 244 1243 “
260 1239 382 1265 rumque
406 1230 536 1266 Catalogi
562 1230 628 1259 duo.
653 1229 728 1266 typis
749 1229 913 1256 Academiae
936 1229 1065 1265 impressi

227 1274 245 1284 '¹
261 1276 430 1306 supersunt;
454 1270 526 1297 alter
542 1270 658 1297 Italicus
680 1279 704 1296 a.
723 1269 805 1305 1558.
823 1269 850 1296 in
870 1269 904 1300 fa,
921 1269 993 1296 alter
1015 1269 1065 1296 ali-

227 1314 245 1324 ¹‘
261 1317 370 1346 quanto
393 1311 535 1346 copiosior
556 1311 676 1337 Latinus
697 1320 720 1336 a.
738 1318 821 1346 1550.
842 1310 871 1336 in
891 1309 947 1344 4to‚
963 1315 1066 1336 neuter

228 1355 245 1365 ¹‘
262 1351 297 1377 ab
313 1351 455 1378 erroribus
471 1351 580 1388 magnis
596 1350 740 1377 immunis.
774 1350 853 1376 Inter
868 1359 955 1386 opera
969 1356 1065 1376 autem

227 1395 245 1405 ¹‘
261 1391 296 1418 de
321 1391 428 1429 Logica
453 1391 564 1418 edenda
586 1391 639 1418 hoc
663 1396 722 1418 est:
750 1391 898 1417 ENNEADE
922 1390 1015 1417 SEsrA
1039 1390 1067 1416 di

227 1436 245 1446 “
262 1431 370 1458 Plotina
391 1441 471 1467 sopra
493 1433 517 1458 [a
540 1431 836 1458 Dialettica—Plotz'ni
854 1431 879 1457 [η.
899 1431 1066 1457 Dialecticen

227 1476 245 1486 “
262 1472 425 1499 ENNEAnos
444 1482 499 1499 ser.
542 1472 713 1508 Catalogum
728 1478 882 1507 utrumque
903 1481 932 1498 se
955 1471 989 1498 ad
1005 1480 1065 1498 ma-

227 1517 244 1527 “
261 1522 314 1539 nus
341 1513 474 1540 habuisse
500 1512 680 1542 ciacconius,
709 1521 773 1538 cum
805 1512 1011 1539 Bibliothecarn
1041 1521 1065 1539 a.

227 1557 245 1567 “
267 1552 336 1589 1583
365 1553 582 1588 conscripserat,
606 1552 757 1579 manifeste
783 1552 951 1579 affirmavit:
983 1558 1011 1579 et
1036 1552 1065 1579 in

227 1598 244 1608 “
261 1603 322 1620 rem
344 1603 424 1620 suam
446 1593 520 1620 male
543 1593 634 1620 multa
655 1594 837 1624 transferens,
855 1593 941 1619 etiam
960 1593 1066 1620 xENEAE

228 1638 246 1648 “
263 1634 416 1660 SormsrAE
432 1634 538 1661 selecta
556 1634 658 1660 Plotini
678 1643 757 1669 super
772 1634 925 1660 Dialeelica
941 1634 976 1660 ab
992 1634 1066 1660 Aca-

227 1679 244 1689 “
261 1674 356 1701 demta
371 1674 482 1701 Veneta
497 1675 609 1702 edenda
623 1679 804 1701 commentus
820 1680 872 1701 est.
909 1674 1066 1701 Ciacconio

227 1719 244 1729 “
261 1721 304 1741 est
316 1715 386 1741 fides
398 1715 522 1742 adhibita
538 1725 554 1741 a
569 1715 706 1745 Fabricio,
721 1715 768 1751 qui
781 1716 946 1751 apographo
960 1715 1065 1741 Biblio-

228 1759 245 1770 “
262 1755 352 1783 thecae
367 1756 442 1782 illius
458 1755 633 1791 imperfectae
649 1755 723 1791 apud
739 1755 765 1782 J.
783 1755 850 1782 Chr.
868 1755 1005 1782 Wolfium
1022 1765 1066 1781 as-

227 1800 245 1810 “
262 1802 385 1826 servato,
398 1806 465 1823 usus
478 1802 521 1823 est
535 1796 656 1831 (Fabric.
671 1796 743 1823 Bibl.
758 1796 807 1822 Gr.
820 1796 852 1822 Τ.
867 1796 948 1823 XIII.
965 1806 991 1832 p.
1003 1796 1064 1830 48.)

228 1840 245 1850 '‘
262 1837 385 1864 eundem
410 1846 533 1864 errorem
557 1837 705 1872 exscripsit
724 1843 811 1872 atque
831 1836 916 1863 fidem
938 1837 963 1863 ei
986 1837 1065 1863 adhi-

227 1881 244 1891 “
261 1877 328 1904 bere
343 1877 419 1903 visus
435 1883 485 1904 est.
518 1877 605 1904 Facta
621 1878 803 1913 postmodum
819 1877 944 1904 editione
958 1877 1064 1904 Biblio-

228 1921 245 1931 “
262 1917 352 1944 thecae
369 1918 498 1944 Ciaconii
514 1927 537 1944 a.
555 1927 627 1953 ¹509
644 1917 757 1948 mortui,
775 1927 791 1944 a
806 1918 944 1954 Dionysio
960 1918 1064 1944 Cumu-

228 1962 246 1972 “
262 1964 305 1984 sat
321 1958 433 1985 Parisiis
448 1968 473 1985 a.
489 1967 572 1993 1731,
588 1958 656 1985 licet
672 1958 786 1985 nonnisi
803 1968 892 1994 usque
913 1959 946 1985 ad
963 1967 1064 1985 vocem

228 2003 244 2012 ‘⁴
261 1998 433 2034 Epimenides
446 1999 569 2026 deducta
585 2008 618 2026 ea
629 1999 816 2030 remanserit;
833 2004 912 2025 textu
924 2005 983 2025 tum
997 2008 1064 2025 auc-

229 2039 331 2065 “toris
356 2040 444 2075 ipsius
470 2046 530 2066 tum
554 2049 586 2066 ex
611 2039 781 2076 scriptorum
807 2039 899 2075 culpa,
924 2039 1066 2066 erroribus

229 2083 247 2093 “
263 2078 377 2110 referto.
404 2080 499 2107 denuo
528 2086 571 2106 est
597 2090 668 2116 opus
697 2080 805 2107 editum
832 2090 849 2106 a
869 2080 915 2106 Ji).
936 2080 1065 2106 Erhardo

231 2123 248 2133 '‘
266 2119 376 2155 Kappio
392 2120 512 2147 Amstel.
529 2126 557 2147 et
578 2120 681 2156 Lipsiae
702 2130 727 2147 a.
745 2128 827 2154 1744,
844 2130 909 2147 cum
931 2121 1064 2147 observa.-

230 2162 248 2173 ¹‘
264 2159 390 2187 tionibus
404 2161 442 2187 ita
455 2161 538 2188 dictis
551 2161 683 2191 editoris;
703 2161 779 2187 vitiis
794 2167 880 2197 atque
896 2161 1065 2187 (1100103110-

230 2204 246 2214 ““
265 2200 348 2226 nibus
367 2201 535 2237 turpissimis
557 2211 614 2228 non
638 2201 736 2237 paucis
753 2201 882 2228 Ciaconii
905 2202 998 2228 adhuc
1019 2211 1065 2228 ex-

231 2244 248 2254 “
265 2240 416 2271 stantibus,
441 2251 534 2278 neque
561 2251 577 2268 a
602 2242 740 2269 Camusat
765 2242 934 2269 emendatis.
979 2241 1067 2269 Vides

231 2285 248 2295 ¹⁴
265 2281 361 2316 itaque
378 2281 477 2308 mEneae
494 2291 563 2317 opus
583 2283 611 2309 in
628 2283 773 2309 Plotinum
790 2292 890 2318 purum
908 2288 1067 2318 putumque

231 2327 248 2336 ¹·
264 2322 431 2358 figmentum
448 2323 564 2348 omnino
580 2332 641 2350 esse
657 2333 673 2350 a
688 2323 826 2350 Ciaconio
842 2323 979 2350 editum.''

273 2367 290 2376 ¹‘
304 2363 340 2388 At
354 2371 422 2388 vero
438 2361 473 2388 de
487 2362 597 2389 Plotino
613 2363 692 2389 locus
708 2363 779 2390 alius
794 2373 824 2390 se
840 2364 908 2390 mihi
924 2363 1023 2400 objicit
1038 2364 1066 2390 in

232 2408 249 2417 “
265 2402 412 2439 Catalogis
434 2401 525 2427 allatis
542 2402 676 2430 librorum
694 2414 766 2439 quos
782 2404 939 2431 Academia
956 2404 1068 2431 Veneta

232 2448 248 2458 ¹·
266 2443 383 2470 editioni
403 2442 529 2478 parabat,
546 2442 574 2468 in
591 2443 678 2470 classe
693 2444 728 2471 de
746 2444 915 2471 Rhetorica:
940 2444 980 2470 Le
997 2444 1066 2471 Orei-

232 2488 249 2498 ¹‘
266 2483 336 2510 zioni
355 2483 382 2509 (li
396 2482 505 2509 I'lolino
525 2491 570 2508 con
590 2482 614 2508 le
629 2484 775 2519 principali
790 2494 847 2511 cose
862 2484 923 2510 ‹lell’
937 2486 1007 2511 Arte
1026 2485 1070 2511 nel

232 2528 249 2539 ⁸⁸
265 2524 421 2559 marqine--
429 2522 530 2549 Plotini
548 2522 688 2550 Orationes
703 2534 759 2551 cum
769 2525 913 2560 praecipuis
928 2525 953 2551 in
965 2525 1069 2552 dicendi

232 2570 249 2578 ¹¹
266 2569 350 2591 artem
372 2563 585 2590 annotationibus
607 2563 632 2589 in
655 2565 773 2599 margine
794 2565 931 2600 opposilis.
976 2565 1066 2598 Quid-

232 2610 249 2619 “
267 2615 333 2632 nam
350 2605 443 2641 operis
464 2603 682 2640 intelligendum
697 2604 743 2631 hic
760 2604 805 2637 sit,
821 2605 875 2632 nisi
891 2614 969 2633 error
984 2615 1066 2642 supe-

1119 786 1138 797 “
1153 782 1218 809 riori
1242 781 1342 808 similis
1362 791 1477 818 quoque
1500 782 1568 809 insit
1585 781 1708 809 viderint
1727 782 1783 809 alii.
1828 782 1959 810 Fortasse

1119 827 1136 837 “
1153 822 1242 850 codex
1264 822 1367 858 aliquis
1390 822 1494 849 Plotini
1516 832 1604 859 opera
1625 823 1766 849 nonnulla
1788 832 1821 850 ex
1843 823 1877 850 iis
1895 833 1957 860 quae

1118 867 1136 878 “
1152 868 1292 899 prostant,
1308 862 1391 889 titulo
1412 863 1480 889 satis
1500 863 1646 890 communi
1665 865 1738 898 λόγοι
1758 864 1787 890 111
1806 873 1840 890 eo
1861 864 1890 890 in
1914 865 1955 891 in-

1119 908 1136 918 “
1150 903 1266 940 scripto,
1274 903 1557 930 continenslectores
1567 904 1706 940 decepit.”
1721 904 1790 931 Haec
1798 904 1956 935 Morellius,

1118 950 1146 971 et
1161 945 1318 971 verissime.
1365 944 1439 970 Nam
1463 944 1485 970 si
1506 944 1633 971 Plotinus
1656 954 1783 980 unquam
1806 945 1958 972 Orationes

1118 985 1284 1021 scripsisset,
1300 992 1350 1013 aut
1372 985 1525 1011 oratoriam
1548 985 1697 1022 attigisset,
1714 995 1869 1022 sanequam
1891 986 1957 1012 Por-

1116 1026 1243 1062 phyrius,
1257 1026 1304 1061 qui
1319 1027 1354 1054 de
1370 1025 1503 1053 omnibus
1517 1025 1619 1052 Plotini
1634 1026 1747 1062 scriptis
1763 1032 1820 1053 tam
1836 1026 1957 1064 diligen-

1117 1073 1161 1093 ter
1175 1066 1242 1101 egit,
1259 1076 1316 1093 non
1336 1066 1451 1094 silentio
1471 1066 1854 1102 praetermisisset—seculo
1877 1073 1957 1094 sexto

1117 1107 1260 1133 Plotinum
1276 1106 1409 1145 legerunt
1423 1106 1593 1137 Damascius,
1607 1106 1762 1138 alit—Qui
1778 1107 1879 1143 reliqui
1894 1107 1958 1143 plu-

1116 1147 1181 1174 rimi
1196 1147 1332 1184 deinceps
1348 1147 1510 1175 Plotiuiana
1531 1156 1619 1183 opera
1638 1153 1807 1178 tractarunt,
1824 1157 1873 1174 eos
1892 1157 1956 1184 par·

1117 1188 1167 1214 tim
1191 1198 1285 1224 supra,
1301 1189 1406 1224 partim
1428 1187 1457 1214 in
1479 1188 1600 1214 Annott.
1621 1187 1649 1214 in
1672 1188 1825 1215 Enneades
1847 1198 1956 1215 memo-

1116 1228 1187 1255 ravi.
1232 1229 1295 1256 Hoc
1310 1229 1373 1256 loco
1390 1228 1529 1255 nonnulla
1548 1228 1680 1264 adjiciam
1701 1237 1734 1255 ex
1751 1228 1891 1265 ejusmodi
1906 1238 1956 1255 no-

1116 1269 1200 1295 titiis:
1224 1269 1334 1296 Arabas
1349 1269 1435 1296 etiam
1448 1268 1550 1305 legisse
1565 1268 1672 1294 Plotini
1686 1268 1774 1295 libros
1789 1268 1855 1295 inde
1867 1275 1956 1305 patet.

1117 1309 1192 1345 quod
1210 1309 1258 1345 qui
1278 1309 1350 1336 falso
1369 1308 1518 1336 Aristoteli
1539 1308 1674 1335 tribuitur
1692 1309 1781 1335 liber:
1806 1309 1851 1336 De
1869 1319 1955 1336 secre-

1116 1350 1184 1376 tiore
1203 1354 1285 1385 parte
1309 1350 1405 1376 diviuae
1429 1349 1566 1385 sapientia?
1590 1350 1730 1376 secundum
1752 1349 1908 1386 AEqyptios,
1934 1351 1956 1377 is

1116 1400 1198 1426 paene
1214 1396 1291 1417 totus
1307 1396 1432 1427 quantus
1448 1399 1462 1416 e
1478 1390 1549 1416 locis
1565 1389 1669 1416 Plotini
1685 1390 1900 1417 consarcinatus
1915 1397 1958 1418 est

1118 1431 1153 1457 ab
1168 1431 1317 1457 Arabihus.
1360 1431 1455 1458 Docet
1478 1430 1591 1457 Thomas
1609 1430 1709 1466 Taylor
1727 1430 1755 1457 in
1779 1431 1897 1458 Dissert.
1920 1441 1957 1458 on

1118 1471 1166 1498 the
1182 1471 1353 1508 philosophy
1366 1471 1398 1498 of
1408 1471 1546 1498 Aristotle
1563 1472 1604 1504 (in
1617 1472 1665 1497 the
1678 1471 1814 1498 Classical
1825 1472 1955 1504 Journal,

1118 1512 1183 1538 Vol.
1200 1512 1264 1539 XV.
1282 1522 1308 1548 p.
1328 1521 1391 1546 270,
1409 1514 1497 1548 sqq.).
1542 1511 1645 1547 Neque
1661 1512 1848 1548 sequentibus
1868 1522 1955 1539 saecu-

1117 1552 1151 1579 lis
1167 1553 1313 1580 evanescit
1328 1552 1433 1579 Plotini
1449 1552 1597 1584 memoria,
1612 1552 1653 1578 uti
1669 1552 1697 1578 in
1718 1552 1819 1579 iisdem
1833 1553 1955 1580 Annott.

1117 1593 1287 1620 videbimus.
1311 1593 1414 1620 Utrum
1431 1593 1534 1619 saeculo
1549 1592 1719 1619 duodecimo
1734 1593 1854 1620 Joannes
1864 1593 1957 1620 Saris-

1118 1634 1254 1665 heriensis,
1282 1634 1330 1670 qui
1360 1633 1504 1660 Plotinum
1533 1633 1639 1664 laudat,
1667 1633 1772 1669 aliique
1801 1634 1956 1661 Christiani

1117 1674 1270 1710 scriptores
1285 1684 1337 1712 pcr
1351 1674 1509 1701 occidentis
1525 1674 1655 1710 regiones
1675 1676 1735 1710 ejus
1750 1683 1838 1710 opera
1852 1674 1914 1710 ipsa
1928 1675 1956 1702 in

1118 1715 1252 1742 manibus
1272 1715 1469 1744 tractaverint.
1487 1724 1522 1741 an
1539 1724 1571 1740 ex
1588 1714 1698 1741 Latinis
1719 1715 1904 1750 scriptoribus
1924 1725 1958 1742 ea

1116 1755 1306 1786 laudaverint,
1324 1755 1358 1782 de
1382 1764 1415 1782 eo
1438 1755 1560 1782 diximus
1582 1755 1610 1781 in
1634 1755 1740 1782 Annot.
1759 1755 1788 1782 in
1806 1755 1955 1783 Enneadd.

1117 1806 1144 1832 p.
1166 1804 1230 1831 137.
1275 1796 1307 1822 Ι11
1324 1796 1443 1822 Oriente
1460 1796 1561 1822 Graeca
1574 1795 1651 1822 lecta
1670 1805 1732 1822 esse
1751 1795 1854 1822 Plotini
1870 1806 1957 1832 opera

1117 1837 1227 1864 saeculis
1243 1836 1325 1864 XIII.
1337 1836 1417 1863 XlV.
1432 1842 1460 1863 et
1471 1836 1536 1863 XV.
1551 1842 1676 1873 arguunt
1687 1836 1836 1871 Nicephori
1847 1836 1958 1863 Clzumni

1116 1878 1217 1913 scripta
1240 1877 1362 1913 aliaque,
1379 1877 1407 1903 in
1427 1877 1470 1903 his
1493 1876 1626 1903 Geniiudz'i
1641 1877 1713 1910 (sive
1732 1877 1855 1913 Georqz'i)
1872 1877 1956 1905 Scho-

1117 1918 1182 1944 larii
1196 1918 1296 1944 Graece
1311 1918 1417 1953 scripta
1431 1917 1587 1943 Conciliaffo
1602 1919 1834 1951 (Συμβιβαστικὸν)
1850 1918 1957 1944 Aristo-

1116 1959 1177 1985 telis
1191 1963 1216 1985 et
1234 1958 1336 1984 Plotini
1350 1959 1381 1984 (le
1396 1958 1508 1984 humana
1519 1957 1667 1993 felicitate.
1710 1958 1775 1990 Quo
1794 1959 1829 1985 de
1851 1959 1957 1995 scripto

1117 1999 1239 2026 diximus
1259 1999 1292 2026 ad
1310 1998 1414 2025 Plotini
1436 1999 1539 2025 librum
1555 1999 1613 2033 περὶ
1632 1999 1798 2032 εὐδαιμονίας,
1814 1998 1901 2035 idque
1921 2000 1956 2026 ad

1116 2040 1230 2066 initium
1246 2049 1274 2075 p.
1294 2048 1339 2074 29.
1383 2039 1417 2065 Ei
1433 2039 1461 2066 in
1478 2039 1625 2065 nonnullis
1645 2039 1797 2066 oblocutus
1813 2045 1856 2066 est
1873 2040 1956 2066 Geor-

1115 2080 1176 2116 9ius
1201 2080 1341 2106 Gemiscus.
1386 2080 1460 2106 Nam
1487 2079 1515 2106 111
1542 2079 1786 2106 Bibliothecarum
1813 2080 1958 2116 Catalogis

1120 2122 1178 2155 (vc.
1195 2130 1240 2156 ap.
1253 2120 1373 2147 Iriarten
1389 2120 1417 2146 in
1434 2120 1517 2147 codd.
1536 2120 1600 2147 Grr.
1618 2120 1742 2146 Matritt.
1760 2120 1810 2147 Nr.
1822 2120 1955 2147 LXXVI.

1118 2171 1145 2197 p.
1160 2162 1240 2196 273.)
1258 2167 1452 2187 memoratur:
1480 2160 1591 2196 Georffli
1605 2160 1717 2186 Gemisti
1731 2161 1858 2187 adversus
1872 2161 1956 2188 Geor-

1116 2202 1157 2237 92‘2‘
1181 2201 1319 2228 Scholarii
1338 2210 1391 2236 pro
1414 2201 1562 2227 Aristotele
1585 2201 1770 2236 detrusionem.
1813 2201 1957 2228 Nimirum

1119 2242 1259 2278 Georgius
1275 2241 1440 2268 Scholarius
1461 2242 1627 2268 adversatus
1650 2247 1711 2268 erat
1727 2242 1849 2269 (lemisti
1866 2242 1956 2269 libro:

1117 2284 1175 2317 περὶ
1204 2281 1236 2308 ὧν
1260 2282 1445 2317 Ἀριστοτέλης
1472 2283 1536 2316 πρὸς
1565 2283 1689 2307 Πλάτωνα
1718 2283 1874 2317 διαφέρεται,
1902 2293 1958 2319 quo

1118 2323 1224 2359 scripto
1241 2323 1386 2349 Gemistus
1405 2322 1532 2356 (Pletho)
1552 2322 1672 2358 probare
1688 2323 1836 2350 studuerat
1847 2323 1958 2350 Aristo-

1118 2364 1183 2390 telis
1198 2363 1358 2390 doctrinam
1375 2372 1438 2389 cum
1455 2363 1587 2389 doctrina
1598 2363 1724 2389 Platonis
1739 2363 1885 2390 conciliari
1901 2373 1958 2390 non

1118 2414 1209 2440 posse.
1244 2403 1309 2430 Vid.
1333 2403 1469 2430 Boerncri
1494 2403 1528 2430 de
1552 2403 1643 2430 doctis
1665 2403 1829 2430 hominibus
1852 2404 1958 2431 Graecis

1118 2445 1278 2471 Literarum
1296 2445 1461 2470 Graecarum
1480 2444 1508 2470 in
1526 2443 1609 2470 Italia
1630 2444 1869 2471 instauratoribus
1888 2445 1959 2471 liber

1118 2495 1146 2521 p.
1160 2494 1208 2519 40.
1225 2491 1252 2512 et
1269 2484 1392 2511 Schoell.
1413 2484 1541 2511 Histoire
1556 2484 1591 2511 de
1607 2484 1634 2511 la
1650 2484 1810 2511 Literature
1826 2485 1958 2520 Grecque

1118 2525 1186 2552 VII.
1212 2535 1239 2561 p.
1257 2526 1324 2560 316.
1369 2524 1425 2551 Sed
1451 2525 1486 2551 de
1509 2525 1641 2551 Gemisto
1663 2525 1802 2552 Plethone
1827 2525 1956 2561 quaedam

1118 2565 1252 2593 dicentur
1266 2566 1296 2592 in
1312 2564 1423 2592 Annot.
1440 2565 1576 2601 proxima.
1608 2565 1668 2600 Cr.]

1169 2649 1228 2680 e2
