2201 2990
221 148 294 182 xlvi
717 142 883 176 INDEX
909 138 1218 176 APPARATUS
1245 137 1448 173 CRITICI.

322 243 497 283 Praefecti,
516 254 578 287 per
602 241 670 276 Th.
692 240 851 276 Gellium
869 246 904 275 et
928 239 970 274 V.
990 237 1208 278 DIasinhaem,
1226 238 1454 271 internuntiis
1474 234 1657 270 Harlesio
1678 237 1823 281 ejusque
1849 236 1951 269 disci-

322 303 405 347 pulo
423 301 458 335 J.
477 301 518 334 P.
537 298 770 339 Schulthesio,
790 301 849 343 qui
876 299 974 343 prius
1001 298 1105 331 etiam
1133 300 1347 339 praeceptore
1373 306 1436 328 suo
1462 295 1609 328 decessit
1635 295 1826 328 Florentiae
1853 294 1949 327 verbi

324 361 435 394 divini
454 359 606 392 ministri
625 369 769 391 munere
787 357 950 401 fungens.
1002 355 1071 388 Est
1089 358 1206 386 autem

374 420 407 451 1.
435 417 521 451 Cod.
540 414 645 449 Med.
665 413 714 448 Α.
743 415 778 447 in
806 416 924 458 pluteo
951 411 1171 445 bibliothecae
1196 412 1254 446 87.
1278 410 1344 442 Nr.
1364 410 1434 443 ΙΙΙ.
1457 410 1753 449 membranaceus,
1771 411 1951 455 quaternis

324 476 417 510 foliis
435 476 585 518 scriptus
604 473 732 506 saeculo
750 471 860 504 XIII.
880 469 1163 513 pretiosissimus,
1182 479 1251 511 quo
1270 468 1343 510 ipse
1361 479 1445 500 usus
1463 472 1516 501 est
1534 468 1715 501 Marsilius
1736 468 1890 507 Ficinus,
1910 479 1952 501 ex

325 533 500 567 Holstenii
533 531 717 569 sententia,
738 530 798 572 qui
829 539 893 561 sua
924 538 1031 560 manu
1061 526 1186 570 primae
1217 525 1358 569 paginae
1389 525 1465 558 haec
1491 525 1597 557 verba
1626 525 1831 569 adscripsit:
1866 523 1953 558 Hoc

325 588 522 637 ememplari
540 599 626 622 usus
642 591 694 620 est
713 586 894 620 Marsilius
914 585 1069 623 Ficinus,
1088 588 1128 617 ut
1146 595 1188 616 ex
1207 583 1282 627 ejus
1306 582 1577 616 correctionibus
1596 583 1756 626 notisque
1778 584 1954 629 margina-

324 650 415 682 libus
433 651 589 691 apparet.

375 710 406 740 2.
435 705 521 739 Cod.
541 701 646 736 Med.
665 701 716 735 B.
736 702 772 735 in
795 702 914 745 pluteo
933 703 990 734 85.
1010 700 1075 733 Nr.
1096 701 1153 732 15.
1177 704 1229 732 est
1251 698 1455 731 chartaceus
1479 697 1581 730 form.
1600 709 1693 730 max.
1712 699 1831 731 saeculi
1850 698 1953 732 XIV.

324 765 418 798 Eum
446 764 538 796 dono
561 762 658 795 dedit
683 760 914 793 Bibliotliecae
938 759 1190 793 Laurentianae
1215 757 1270 790 vir
1292 756 1505 789 clarissimus
1530 755 1733 788 Ludovicus
1756 755 1954 795 Beccatelli,

324 821 568 859 Bononiensis,
587 820 647 863 qui
666 818 735 851 fuit
752 817 1048 861 Archiepiscopus
1068 816 1273 860 Ragusinus
1291 825 1383 847 anno
1402 812 1620 846 MDLXIX.

276 882 343 915 His
370 892 433 914 nos
460 878 673 923 adjumentis
692 877 745 909 usi
766 876 946 909 Plotinum
970 876 1006 908 in
1028 875 1180 907 editione
1199 872 1471 906 Graeco-Latina
1498 871 1645 914 pessime
1670 870 1829 904 habitum
1854 872 1956 904 innu-

226 940 330 974 meris
349 939 432 972 locis
460 937 525 970 sibi
544 936 610 979 ipsi
630 935 857 968 reddidimus.
909 934 1001 967 Sunt
1019 938 1135 966 tamen
1154 933 1271 965 ulcera
1290 930 1452 973 quaulam
1479 929 1529 961 ita
1555 928 1761 967 inveterata,
1780 933 1820 961 ut
1838 929 1955 961 nullus

225 999 327 1042 plane
352 1007 394 1029 ex
413 995 511 1028 libris
536 993 664 1027 nostris
690 992 896 1025 medicinam
922 992 964 1024 iis
991 992 1115 1024 afferre
1134 989 1298 1034 potuerit.
1352 988 1446 1020 Cave
1465 998 1547 1019 vero
1566 987 1696 1026 credas,
1715 998 1835 1020 omnes
1854 987 1956 1020 hosce

226 1057 344 1094 libros,
362 1058 484 1097 utpote
511 1052 701 1085 recentiore
724 1051 908 1093 plerosque
932 1054 1088 1092 tempore
1114 1048 1273 1090 scriptOS‚
1293 1056 1335 1078 ex
1358 1056 1429 1078 uno
1451 1045 1641 1087 eodemque
1665 1043 1761 1077 fonte
1785 1056 1955 1077 manasse.

226 1114 294 1147 Est
312 1113 402 1146 enim
423 1122 555 1149 eorum,
575 1119 789 1153 quamquam
809 1108 845 1140 in
865 1107 985 1139 multis
1004 1106 1087 1138 locis
1107 1105 1241 1142 melius,
1260 1114 1364 1147 quam
1384 1103 1419 1135 in
1440 1102 1606 1135 Editione
1628 1102 1759 1134 factum
1779 1107 1840 1141 est,
1860 1102 1958 1135 exhi-

227 1172 348 1205 bendis
370 1171 472 1213 plane
494 1167 728 1205 consentiunt,
747 1166 832 1198 satis
856 1175 986 1209 magna
1009 1165 1101 1196 inter
1124 1174 1159 1195 se
1181 1161 1389 1199 differentia,
1409 1161 1458 1192 ita
1480 1165 1519 1192 ut
1543 1164 1613 1192 tres
1632 1160 1732 1203 quasi
1758 1161 1882 1192 classes
1902 1161 1957 1192 vel

225 1229 377 1262 familias
403 1227 503 1260 nobis
530 1224 698 1269 reperisse
726 1224 919 1262 videamur,
938 1232 1089 1266 quarum
1114 1220 1256 1265 singuli,
1275 1218 1437 1263 quamvis
1464 1218 1500 1250 in
1524 1218 1707 1260 permultis
1735 1218 1956 1256 conveniant,

226 1294 343 1320 tamen
367 1296 437 1318 non
460 1285 511 1317 ita
536 1284 667 1316 similes
693 1286 776 1315 sunt
802 1286 837 1314 et
860 1284 1071 1325 congruunt,
1089 1283 1130 1312 ut
1152 1288 1262 1311 unum
1286 1276 1430 1309 alterius
1448 1276 1550 1319 quasi
1577 1275 1821 1319 apographum
1844 1275 1957 1307 dicere

227 1344 350 1389 possis.

277 1401 345 1434 Est
367 1404 484 1433 autem
508 1396 631 1444 prima
658 1398 790 1430 familia
814 1396 1077 1440 quatuordecim
1102 1394 1270 1427 librorum
1292 1391 1407 1430 MSS„
1426 1402 1575 1434 quorum
1604 1402 1729 1435 agmen
1748 1391 1844 1423 ducit
1868 1401 1957 1434 prae-

227 1457 548 1494 stantissimus‘ille
579 1454 778 1488 Vulicamm·
796 1454 842 1487 A.
870 1465 947 1487 cum
972 1465 1042 1497 quo
1068 1452 1260 1495 saepissime
1287 1450 1370 1482 facit
1398 1447 1577 1486 Cium-sim
1606 1449 1659 1481 his
1688 1460 1769 1481 vero
1791 1449 1869 1491 plus
1894 1449 1958 1481 mi-

228 1529 349 1556 nusve,
367 1516 427 1549 sed
446 1520 486 1548 ut
504 1514 696 1547 fraternam
716 1513 981 1545 similitudinem
1002 1521 1181 1555 agnosca&
1200 1520 1235 1541 se
1262 1508 1438 1551 applicant
1464 1504 1659 1539 Vimlohon.
1679 1505 1729 1538 A.
1764 1504 1885 1538 Mare.
1907 1505 1956 1538 A.

229 1573 334 1608 Med.
354 1573 405 1607 B.
438 1571 530 1606 Par.
551 1570 599 1604 B.
653 1571 836 1604 Accedunt
856 1568 981 1602 filare.
1001 1567 1040 1602 C.
1056 1566 1109 1601 D.
1126 1565 1178 1600 Ε.
1212 1564 1318 1598 I'iml.
1337 1564 1375 1598 C.
1391 1563 1443 1597 1).
1482 1562 1585 1597 stlon.
1603 1562 1650 1596 Α.
1666 1562 1716 1596 B.
1734 1561 1772 1597 C.
1830 1562 1883 1596 Ex
1904 1564 1956 1596 liis

229 1630 422 1666 Marciani
439 1632 550 1663 multo
569 1630 709 1672 saepius9
728 1639 832 1671 quam
854 1628 977 1670 reliqui
997 1632 1032 1659 et
1049 1636 1154 1669 quam
1177 1624 1256 1662 Ed„
1275 1623 1525 1666 apostrophum
1547 1622 1685 1654 liabent.

279 1689 413 1724 Altera
431 1690 518 1722 duos
543 1692 680 1720 tantum
705 1687 812 1719 libros
838 1685 952 1723 habet,
971 1685 1029 1728 qui
1058 1685 1092 1716 in
1114 1683 1216 1716 rebus
1237 1683 1289 1714 vel
1309 1681 1516 1714 lectionibus
1542 1679 1765 1725 gravioribus
1792 1690 1884 1722 saepe
1908 1680 1957 1712 ita

228 1751 319 1782 inter
337 1760 372 1781 sc
391 1747 625 1784 consentiunt,
644 1750 684 1777 ut
702 1756 722 1777 a
741 1744 883 1787 reliquis
902 1743 1064 1776 omuibus
1085 1743 1186 1784 plane
1204 1740 1394 1773 discedant.

279 1807 388 1844 Idem,
415 1810 449 1837 et
477 1805 587 1848 magis
617 1803 734 1841 etiam,
761 1802 945 1834 dicendum
973 1802 1015 1833 de
1044 1797 1151 1832 tertia
1178 1799 1323 1835 familia,
1350 1798 1450 1841 cujus
1482 1797 1563 1828 item
1597 1800 1679 1828 sunt
1706 1796 1850 1828 Codices
1876 1795 1956 1828 duo.

230 1862 423 1897 Leidensis
441 1868 475 1895 et
499 1858 782 1894 l'imlobonen.s·i.s·
800 1859 850 1892 B.
902 1859 1005 1895 Nam,
1025 1869 1127 1901 quem
1149 1862 1239 1889 recte
1258 1856 1419 1888 secunda·
1439 1855 1538 1886 classi
1559 1854 1738 1896 adscripsi,
1755 1850 1878 1885 filare.
1895 1851 1956 1891 B.‚

229 1925 264 1956 in
292 1922 384 1955 haud
413 1921 532 1964 paucis
559 1924 675 1952 tamen
704 1919 746 1951 ad
766 1915 891 1950 Mare.
911 1916 961 1950 A.
984 1915 1023 1949 C.
1044 1928 1078 1949 se
1106 1915 1268 1958 applicat.
1324 1913 1440 1945 Possis
1465 1913 1568 1945 etiam
1593 1914 1757 1956 quartam
1780 1911 1956 1953 quandam

229 1981 397 2013 familiam
418 1979 640 2016 constituere,
660 1977 713 2009 cui
738 1977 819 2008 item
840 1977 910 2008 duo
929 1975 1007 2007 libri
1028 1979 1142 2006 esseut
1161 1972 1390 2010 adscribendi,
1416 1968 1700 2003 J)a1·m.s·tmlinu.s·
1717 1974 1750 2001 et
1770 1966 1958 2001 Pari-sien-

229 2036 279 2071 sis
298 2036 366 2070 Λ..·
392 2037 449 2070 sed
469 2046 682 2080 quamquam
703 2039 755 2066 sat
776 2034 895 2066 multis
921 2033 1003 2065 locis
1028 2032 1091 2064 soli
1115 2032 1327 2074 conspirant,
1347 2030 1388 2062 ad
1410 2030 1533 2072 prima:
1553 2034 1668 2060 tamen
1688 2027 1832 2059 familiae
1851 2026 1956 2059 libros

231 2097 265 2129 in
290 2096 393 2129 rebus
419 2094 642 2140 gravioribus
670 2093 719 2125 ita
745 2092 924 2129 accedunt,
944 2095 981 2123 ut
1001 2089 1267 2123 similitudinem
1292 2087 1460 2131 majorem
1487 2098 1560 2119 esse
1582 2086 1687 2123 dicas,
1707 2096 1811 2127 quam
1831 2084 1958 2117 discre-

230 2156 397 2198 pantiam.
