2201 2990
243 146 347 178 cxxxfi

779 142 1152 175 ANNOTATIONES
1178 142 1228 172 IN
1254 140 1451 171 PLOTINI

244 239 406 274 postquam
423 231 606 268 abstersisti,
619 230 792 273 dissipasti.
824 230 872 260 De
887 229 945 259 hac
962 228 991 259 vi
1003 228 1086 259 verbi
1105 229 1131 257 A
1149 226 1245 256 doret.
1271 225 1394 267 Dialog.
1421 225 1590 256 Immutab.
1609 225 1636 255 Ι.
1662 236 1692 267 p.
1708 233 1726 266 5
1729 233 1760 266 5.
1785 225 1833 256 ed.
1854 225 1992 258 Schulz.:

244 283 383 325 disputat
414 282 596 312 Schleusner
625 281 656 312 in
686 282 766 312 Lex.
788 281 824 311 V.
843 281 882 311 T.
909 281 937 311 1.
965 291 996 322 p.
1013 281 1087 321 385.

246 333 335 364 Locis
356 333 399 364 ibi
421 333 554 364 laudatis
576 332 737 364 addendus
754 332 803 362 hic
819 339 921 362 noster
936 343 972 361 eo
992 331 1089 372 magis

245 392 302 423 est,
319 385 402 427 quod
419 384 488 415 libri
506 385 602 415 MSS.
619 395 724 414 omnes
746 383 776 412 in
792 382 850 413 hac
864 382 992 412 lectione
1015 393 1086 412 con-

245 436 488 468 sentiunt.-Vs.
499 445 549 476 30.
567 436 599 465 ἐν
612 435 708 472 δίνῃσι
723 432 912 473 φορεύμενος.
945 433 1088 463 Struvius

245 487 275 518 in
293 488 454 529 Supplem.
472 487 546 516 Lex.
565 484 707 516 Schneid.
724 484 753 514 in
772 484 883 522 εὐδίνης
900 495 944 513 vs.
962 494 1014 522 49.
1030 483 1087 513 1111-

240 539 294 580 jus
319 537 434 569 oraculi
459 537 590 567 laudans
616 535 673 566 hoc
699 534 789 565 etiam
818 535 884 564 loco
910 533 969 575 legi
996 534 1084 564 velit:

246 590 404 620 εὐδίνεσσι.

244 640 337 671 libros
358 647 472 670 taceam
489 637 542 679 qui
563 647 668 667 omnes
685 637 717 666 ἐν
733 643 870 671 tuentur,
886 635 962 666 illud
980 637 1086 675 φορεύ-

241 704 338 730 μενος,
355 690 385 720 in
401 701 464 731 qno
480 687 631 719 temerarii
655 694 684 717 et
707 686 881 717 conturbati
905 693 1007 716 motus
1029 686 1088 728 sig-

242 740 375 772 nificatio
395 740 483 776 inest,
500 750 559 769 non
576 745 676 780 potest
692 736 837 778 conjungi
859 747 928 766 cum
946 748 982 766 eo
998 748 1086 767 voca-

242 792 326 828 bulo,
344 791 427 833 quod
444 789 583 821 concinni
600 796 701 819 motus
717 787 967 829 significationem
984 786 1086 817 habet.

242 842 309 873 Vid.
328 854 372 873 vs.
389 852 441 883 49.
463 849 492 872 et
508 842 547 872 cf.
565 852 659 882 supra
674 851 716 869 vs.
736 849 785 877 24.
811 838 861 868 ubi
886 837 1024 868 similiter
1043 845 1088 868 est

240 893 412 934 φορέεσθαι.
458 892 552 923 Α(1(10
584 890 725 932 Inscript.
755 888 934 920 Peircscian.
964 900 1006 918 vs.
1036 899 1086 920 10.

239 949 296 976 τῶν
324 945 406 985 ἑτέρη
434 946 488 983 μὲν
519 943 670 983 ἐπιχθονίη
694 942 866 981 πεφόρηται,
892 947 922 970 et
948 947 1086 969 versatur
1104 948 1127 976 C

239 1001 332 1039 poeta
357 995 470 1026 oraculi
498 994 593 1024 nostri
620 993 721 1023 adhue
748 991 777 1021 in
805 989 1012 1021 descrihendis
1038 989 1084 1027 iis,

238 1059 309 1089 quae
334 1047 475 1078 Plotinus
499 1046 557 1076 hoe
583 1056 710 1086 corpore
738 1042 946 1074 circumdatus
972 1042 1085 1072 fecerat

239 1099 421 1140 tuleratque.
462 1096 530 1127 Vid.
549 1095 702 1137 Porphyr.
724 1106 750 1125 c.
771 1094 916 1124 XXIII.
941 1093 997 1123 hac
1020 1093 1085 1134 ipsa

236 1161 306 1192 pag.
323 1157 402 1179 extr.
448 1151 523 1187 Δίνη
540 1148 586 1178 vel
603 1149 665 1185 ὀινῇ
683 1147 767 1187 (nam
785 1146 824 1176 de
845 1145 901 1175 hoc
921 1144 1085 1186 ambigunt

237 1200 430 1242 interpretes)
456 1207 500 1230 est
523 1199 614 1230 etiam
642 1198 671 1228 111
696 1206 896 1228 monumento
923 1195 1083 1238 sepulcrali

239 1251 365 1293 Cyprio.
401 1250 473 1281 Vid.
490 1251 719 1292 Morgenstern.
736 1256 765 1279 et
779 1247 920 1279 Francke
936 1247 973 1277 ad
994 1247 1084 1278 Rich-

1149 277 1181 307 τὸ
1204 278 1410 316 καθαρώτατον
1428 278 1534 314 σκῆνος
1549 275 1588 306 de
1610 284 1698 306 utero
1715 276 1836 307 Mariae.
1875 277 1992 308 Passim

1149 327 1238 358 etiam
1263 335 1364 370 poetae
1388 327 1465 357 hanc
1480 326 1540 357 vim
1565 327 1728 368 adsignant
1747 327 1818 358 huic
1833 328 1992 359 vocabulo.

1150 378 1198 409 Cf.
1216 378 1341 409 Jacobs,
1364 377 1404 408 ad
1428 377 1600 419 Antholog.
1622 379 1710 409 XII.
1734 391 1763 421 p.
1780 389 1831 420 30.
1879 380 1917 410 In
1941 391 1994 411 ara

1149 429 1309 472 sepulcrali
1333 441 1381 471 ap.
1398 428 1556 459 Welcker.
1572 428 1602 459 in
1628 429 1746 472 Syllog.
1764 430 1924 473 Inscriptt.
1941 432 1991 470 67.

1148 493 1180 522 p.
1198 482 1247 521 98.
1274 483 1379 518 σκῆνος
1396 480 1590 519 λιπόσαρκον.
1628 480 1678 510 Cf.
1695 488 1725 511 et
1741 481 1855 512 Osanni
1874 482 1992 524 Syllog.

1151 532 1264 562 Inscrr.
1281 532 1379 562 VIII.
1404 542 1434 572 p.
1451 532 1525 572 396.
1545 542 1592 572 sq.
1638 531 1688 561 De
1710 531 1780 562 lusu
1802 532 1832 562 in
1857 535 1942 572 σῶμα
1963 540 1992 564 et

453 588 491 617 In
514 598 578 628 quo
597 597 666 616 eum
685 585 763 615 ratio
784 585 902 616 fefellit.
947 586 1028 615 Nam
1052 593 1087 616 ut
1106 589 1129 616 Β
1150 585 1228 621 σῆμα
1251 582 1313 612 vid-
1338 582 1459 612 Platon.
1486 581 1604 624 Cratyl.
1628 593 1657 624 p.
1674 592 1748 620 400.
1765 582 1793 613 b.
1832 584 1930 626 Gorg.
1958 597 1989 628 p.

1147 643 1221 673 493.
1237 645 1264 663 a.
1292 640 1321 663 et
1342 633 1381 663 cf.
1401 632 1538 662 Lambin.
1564 632 1602 662 ad
1628 633 1753 663 Lucret.
1777 634 1848 664 III.
1864 636 1938 675 556.
1961 644 1992 667 et

1150 684 1316 725 W'yttenb.
1338 684 1377 714 ad
1402 683 1559 714 Plutarch.
1578 685 1703 725 Fragm.
1728 695 1760 726 p.
1780 694 1850 725 135.
1887 686 1992 717 David

1150 734 1357 776 Philosophus
1373 734 1518 776 Prolegg.
1537 736 1634 765 MSS.
1652 735 1691 765 ad
1717 737 1949 767 Commentarr.‘
1961 737 1991 768 in

1150 785 1295 826 Quinque
1321 785 1415 815 Voces
1439 785 1622 828 Porphyrii:
1652 788 1730 825 παρὰ
1753 789 1836 818 τοῦτο
1862 790 1919 828 γὰρ
1946 790 1992 820 καὶ

1149 835 1236 874 δέμας
1257 836 1290 866 τὸ
1315 838 1398 874 σῶμα
1420 839 1499 876 παρὰ
1522 840 1581 869 τοῖς
1603 841 1743 876 ποιηταῖς,
1765 838 1802 870 ὡς
1824 839 1930 877 δεσμὸς
1952 839 1992 870 ὢν

1148 888 1196 924 τῆς
1208 889 1306 926 ψυχῆς
1318 888 1363 917 καὶ
1378 887 1469 918 πάλιν
1485 890 1568 926 σῶμα
1585 889 1621 920 ὡς
1636 891 1715 927 σῆμα
1731 890 1776 919 καὶ
1793 889 1886 929 τάφος
1899 890 1989 931 ὑπάρ-

1148 949 1204 976 χον
1223 939 1272 974 τῆς
1291 940 1548 980 ψυχῆς-1834.
1566 951 1611 981 sq.
1627 939 1690 978 μεθ’
1707 940 1988 980 ὁμήγυριν-δαιμο-

1148 988 1220 1025 νίην.
1269 988 1385 1018 Similia
1411 988 1557 1031 leguntur
1584 990 1614 1020 in
1640 990 1831 1022 Peiresciana
1855 992 1989 1035 Inscrip-

1147 1038 1228 1069 tione
1258 1050 1307 1080 ap.
1334 1040 1490 1071 Chardon.
1519 1041 1620 1071 Roch.
1650 1053 1681 1083 p.
1711 1051 1777 1083 125.
1805 1054 1849 1073 τε.
1875 1053 1989 1083 9—12.

1148 1091 1225 1120 Mox
1239 1103 1244 1120 :
1271 1092 1419 1129 ἐρατοῖσιν
1434 1092 1651 1122 ἀναπνείουσαν
1667 1092 1776 1130 ἀήταις.
1811 1093 1905 1124 Color
1916 1094 1991 1126 duc-

1147 1149 1196 1172 tus
1219 1154 1255 1172 cx
1274 1142 1385 1183 OdySS.
1405 1142 1437 1172 δ’.
1452 1144 1525 1183 567.
1548 1142 1613 1173 1000
1636 1144 1805 1175 multorum
1827 1145 1988 1176 mentioni-

1146 1193 1204 1223 bns
1234 1193 1517 1235 imitationibusque
1545 1194 1751 1235 frequentato.
1801 1195 1867 1225 vid.
1897 1197 1990 1228 modo

1147 1244 1265 1275 Platon.
1285 1244 1401 1287 Cratyl.
1421 1257 1453 1287 p.
1469 1255 1543 1284 410.
1567 1253 1596 1275 et
1613 1245 1791 1276 Callimach.
1808 1247 1853 1276 H.
1868 1246 1899 1277 in
1916 1247 1988 1280 Del.

237 1302 292 1332 teri
311 1302 416 1332 Itiner.
436 1313 464 1343 p.
480 1303 551 1341 645.
570 1301 750 1341 647—652.
767 1312 811 1341 sq.
849 1299 962 1329 Subest
978 1306 1082 1329 autem
1101 1310 1126 1337 D
1143 1298 1217 1337 318.
1251 1297 1306 1327 Cr.

236 1360 340 1384 nostro
361 1353 389 1383 111
407 1353 531 1383 oraculo
547 1352 618 1382 huie
634 1351 699 1381 voci
717 1351 762 1381 vis
777 1351 916 1381 malefice
931 1358 959 1380 et
976 1361 1082 1380 ‘rernm

224 1405 407 1445 flamarum,
430 1404 493 1435 sive
518 1411 602 1434 vates
629 1403 806 1445 simpliciter
830 1403 909 1433 δίνας
936 1401 1080 1443 respexit,

235 1467 307 1497 qua:
320 1455 500 1485 fluminibus
515 1454 730 1485 attribuuntur
743 1453 888 1493 (Anthol.
902 1452 1001 1483 Palm.
1016 1454 1082 1494 Ap-

236 1504 328 1547 pend.
346 1516 374 1535 n.
396 1507 464 1545 283.
483 1512 512 1535 et
528 1516 556 1534 n.
574 1506 661 1545 386.)
681 1504 742 1534 sive
760 1502 951 1533 l'armcnidis
968 1503 1082 1532 Demo-

235 1556 365 1598 critique
396 1555 542 1597 placitum
569 1555 726 1597 cogitavit,
754 1566 817 1596 quo
843 1555 905 1592 δίνη
935 1553 1080 1595 (vertigo)

236 1609 313 1638 αἰτία
337 1610 386 1645 τῆς
410 1607 555 1646 γενέσεως
577 1607 695 1637 πάντων
718 1605 842 1643 dieitur,
867 1613 901 1635 ut
926 1612 971 1635 est
996 1605 1080 1646 apud

236 1659 330 1699 Diog.
359 1660 458 1688 Laert.
487 1658 552 1688 IX.
578 1666 630 1698 45.
670 1657 719 1687 Cf.
750 1658 834 1687 Sext.
864 1655 985 1697 lssmpir.
1014 1657 1079 1686 IX.
1099 1672 1122 1699 Ε

238 1720 307 1751 113.
331 1710 405 1751 ibiq.
445 1709 566 1740 Fabrie.
592 1720 621 1750 p.
637 1717 710 1749 577,
736 1715 764 1737 et
790 1707 876 1737 Stob.
902 1707 1032 1748 Eclogg.
1054 1708 1078 1737 I.

234 1774 263 1804 p.
287 1772 353 1803 159.
372 1763 505 1792 IIeeren.
546 1761 583 1790 In
600 1772 661 1802 qna
678 1759 817 1790 doctrina
838 1758 918 1789 ludit
935 1759 1080 1789 Comicus

234 1813 263 1843 in
290 1813 436 1843 Nubibus
462 1822 535 1853 379.
563 1811 615 1841 11111
643 1811 811 1842 Scholiasta
838 1812 1076 1851 Anaxagoream

675 1862 725 1893 Cf.
746 1861 836 1892 etiam
861 1861 898 1891 ad
921 1873 967 1891 vs.
988 1862 1077 1899 1462.

877 1912 960 1943 Hinc
976 1924 1078 1954 recep-

233 1865 306 1896 dieit
333 1865 410 1895 hanc
437 1863 628 1894 sententiam.

235 1916 460 1956 (1472.)—Vs.
474 1924 526 1956 32.
549 1915 655 1953 σοφίης
668 1913 828 1952 μαιήτορες.

233 1975 299 1997 tum
317 1966 499 1996 vocabulum
517 1966 546 1995 in
561 1965 657 1995 Thes.
673 1964 779 2006 Stcph.
793 1964 922 1994 Londin.
940 1975 970 2006 p.
982 1966 1076 2004 5983.

1187 1358 1217 1388 p.
1231 1346 1324 1377 lxxvi.
1342 1358 1385 1376 vs.
1398 1348 1534 1388 36—39.
1555 1346 1613 1377 ἕνθ’
1631 1347 1674 1378 ἔνι
1688 1348 1742 1385 μὲν
1759 1349 1893 1390 φιλότης]
1916 1350 1990 1381 Imi-

1144 1398 1288 1428 tationem
1314 1397 1443 1428 Homeri
1471 1397 1501 1427 in
1526 1398 1614 1428 Iliad.
1632 1401 1656 1436 ξ.
1676 1399 1745 1429 216.
1769 1411 1836 1441 sqq.
1861 1400 1988 1432 demon-

1143 1457 1217 1480 strat
1236 1450 1388 1480 Moserus.
1436 1450 1534 1479 Mox:
1559 1450 1656 1488 ἵμερος
1674 1450 1765 1489 ἁβρὸς
1782 1451 1872 1481 Plato
1896 1453 1985 1494 Sym-

1143 1513 1209 1543 pos.
1234 1513 1264 1543 p.
1286 1510 1354 1541 197.
1378 1513 1410 1543 p.
1427 1502 1498 1538 418.
1523 1500 1640 1530 Bekk.:
1677 1502 1846 1540 ἁβρότητος,
1873 1506 1986 1543 χλιδῆς,

1142 1553 1279 1592 χαρίτων,
1298 1552 1406 1591 ἱμέρου,
1424 1553 1515 1582 πόθου
1533 1552 1636 1592 πατήρ.
1676 1552 1763 1583 Alibi
1780 1555 1880 1584 Amor
1896 1555 1987 1594 ἁβρὸς

1142 1603 1263 1634 dieitur.
1310 1605 1484 1633 Anacreon.
1517 1603 1578 1633 ()(1.
1612 1603 1741 1634 LVIII.
1773 1614 1798 1634 1.
1838 1605 1983 1637 Valcken.

1144 1655 1243 1685 Diatr.
1263 1654 1373 1696 Enrip.
1395 1655 1421 1684 I.
1439 1666 1470 1696 p.
1488 1663 1514 1693 7.
1562 1655 1708 1685 Ceterum
1725 1654 1790 1685 haec
1805 1663 1836 1686 et
1854 1668 1984 1698 sequen-

1143 1705 1182 1736 tia
1201 1705 1406 1748 eomparanda
1432 1713 1503 1736 sunt
1523 1717 1592 1736 cum
1617 1705 1651 1735 iis
1667 1717 1738 1747 quae
1760 1706 1843 1748 apud
1863 1707 1985 1739 Veteres

1141 1757 1287 1799 leguntur
1310 1757 1347 1787 de
1370 1757 1503 1792 sedibus,
1531 1756 1648 1794 insulis,
1671 1757 1751 1787 arvis
1778 1757 1936 1789 beatorum
1962 1771 1983 1790 s.

1141 1810 1274 1850 piorum,
1299 1820 1346 1850 ap.
1374 1808 1465 1838 Pind.
1495 1807 1622 1850 Olymp.
1648 1808 1696 1838 II.
1724 1817 1794 1847 127.
1819 1821 1887 1851 sqq.
1915 1812 1981 1850 (72.

1139 1863 1223 1902 sqq.)
1258 1860 1398 1890 Eschin.
1422 1859 1557 1890 Axioeh.
1582 1860 1611 1899 ᾧ.
1630 1869 1677 1890 20.
1702 1871 1730 1901 p.
1752 1861 1820 1901 163.
1847 1860 1981 1892 Fischer.

1140 1911 1233 1941 Ovid.
1252 1910 1461 1952 Metamorph.
1479 1911 1544 1941 XI.
1563 1912 1612 1941 62.
1637 1911 1676 1941 cf.
1694 1910 1841 1941 Gataker.
1858 1912 1897 1942 ad
1916 1914 1983 1943 An-

1139 1963 1234 1993 tonin.
1252 1963 1297 1993 X.
1312 1964 1338 1993 S.
1356 1974 1385 2002 p.
1399 1972 1471 2003 295.
1503 1961 1620 2004 Heynii
1638 1961 1799 2004 Opuscull.
1816 1963 1843 1993 1.
1861 1974 1892 2005 p.
1905 1973 1980 2004 395.

234 2018 286 2048 ubi
300 2025 400 2048 tamen
414 2015 816 2058 051,(]111μαιεύτορες11111110
829 2015 979 2052 videatur,
992 2015 1074 2056 quod
1097 2027 1119 2054 F
1138 2023 1167 2044 et
1194 2014 1370 2044 Boissonad.
1397 2013 1529 2044 Maximi
1556 2012 1689 2043 Planud.
1716 2013 1800 2044 Vers.
1828 2014 1979 2045 Graecam.

233 2069 313 2099 idem
338 2069 487 2098 Muntero
512 2068 542 2097 in
567 2075 698 2097 mentem
723 2074 855 2097 venerat.
881 2066 949 2096 libri
974 2074 1075 2096 tamen

232 2132 336 2150 omnes
359 2131 428 2150 eunt
446 2118 572 2159 vulgata
593 2118 721 2148 faciunt.
766 2119 874 2158 Atque
891 2117 939 2147 hic
959 2116 998 2147 de
1020 2118 1074 2146 So-

233 2172 344 2202 cratica
359 2172 455 2211 μαιείᾳ
472 2171 528 2200 hoe
545 2170 610 2200 loeo
627 2170 751 2211 cogitat.
783 2168 853 2199 Vid.
867 2168 990 2198 Theaet.
1007 2167 1075 2197 Pla-

233 2232 294 2254 ton.
314 2235 343 2265 p.
361 2233 429 2264 150.
447 2224 483 2252 Β.
518 2223 573 2252 Cr.

275 2286 303 2316 p.
322 2273 416 2304 lxxvi.
442 2285 484 2303 vs.
503 2280 640 2313 33—35.
669 2271 910 2310 σκῆνος-σῆμα]
938 2274 958 2287 ⁶<
969 2269 1072 2299 Plato-

231 2325 305 2356 nicis
323 2328 406 2362 σῶμα
421 2332 485 2354 erat
501 2326 579 2361 σῆμα
596 2323 652 2353 1100
668 2330 712 2352 est
724 2321 843 2352 loculus
858 2320 950 2351 animi
967 2321 996 2350 in
1011 2332 1073 2361 quo

1138 2065 1242 2095 Ovidii
1260 2066 1420 2095 Metamtn.
1444 2075 1475 2106 p.
1492 2064 1665 2104 469.—Y5.
1682 2064 1732 2104 38.
1757 2065 1930 2103 ἀμβροσίων
1949 2067 1980 2096 ὀ-

1137 2118 1240 2155 χετῶν.
1279 2115 1443 2146 AEschines
1461 2114 1605 2145 Axiocho
1629 2116 1656 2155 ξ.
1677 2124 1726 2145 20.
1748 2126 1779 2157 p.
1798 2117 1866 2154 164.
1890 2117 1981 2156 πηγαὶ

1137 2168 1168 2196 δὲ
1194 2165 1306 2196 ὑδάτων
1332 2167 1464 2205 καθαρῶν
1491 2165 1602 2204 ῥέουσι.
1634 2165 1686 2195 ubi
1711 2165 1774 2195 vid.
1798 2165 1980 2197 Fischer.—

1137 2218 1188 2248 Vs.
1200 2218 1252 2258 38.
1266 2228 1309 2258 sq.
1326 2217 1395 2246 ὅθεν
1412 2217 1493 2246 ἐστιν
1509 2217 1623 2255 ἐρώτων
1638 2216 1796 2254 πείσματα.
1828 2216 1979 2248 Praeclare

1136 2268 1174 2298 de
1190 2280 1263 2298 voce
1280 2270 1401 2305 πεῖσμα,
1418 2267 1508 2308 cujus
1524 2267 1568 2297 vis
1589 2267 1688 2297 media
1708 2274 1753 2297 est
1773 2267 1852 2297 inter
1868 2268 1979 2299 retina-

1134 2319 1194 2350 culi
1217 2326 1247 2349 et
1268 2317 1471 2360 persuasionis
1494 2317 1709 2359 significatum,
1726 2317 1896 2360 disputavit
1915 2319 1977 2349 Co-

231 2376 325 2407 veluti
348 2374 502 2417 sepultum
525 2373 611 2403 illum
630 2374 732 2415 jacere
755 2373 810 2403 sibi
834 2372 1069 2414 persuadebant.
1090 2383 1118 2410 G
1136 2381 1228 2412 rayus
1250 2370 1288 2399 ad
1313 2368 1474 2399 Heliodor.
1501 2380 1532 2410 p.
1550 2378 1620 2409 249.
1637 2380 1681 2410 sq.
1710 2369 1801 2399 etiam
1824 2369 1976 2400 difficilem

232 2430 341 2465 Σκῆνος
364 2426 466 2456 dictus
492 2424 582 2454 etiam
609 2425 640 2454 S.
663 2423 814 2465 Apostolo
840 2433 855 2453 2
874 2422 1014 2453 Corinth.
1034 2423 1071 2453 V.

233 2479 318 2517 1.4.”
342 2477 466 2508 Fahric.
505 2478 616 2506 Σκᾶνος
631 2486 742 2516 corpus
755 2474 895 2504 Timaeus
906 2473 944 2504 de
958 2473 1073 2503 Anima

232 2528 347 2560 Mundi
364 2539 393 2570 p.
406 2530 478 2567 560.
525 2525 628 2556 Etiam
646 2525 675 2555 in
693 2524 770 2554 libro
787 2524 924 2566 Sapient.
943 2524 1007 2554 IX.
1024 2534 1070 2565 15.

229 2580 261 2611 τὸ
277 2582 383 2620 γεῶδες
399 2580 504 2616 σκῆνος
519 2576 598 2607 1(10111
623 2583 667 2606 est
687 2584 781 2617 atque
797 2575 881 2616 quod
897 2575 1009 2605 ibidem
1029 2575 1070 2605 le-

227 2632 312 2674 gitur
326 2630 457 2670 φθαρτὸν
474 2631 568 2667 σῶμα.
608 2626 678 2657 Υ111.
696 2626 892 2657 Valckenaer.
912 2625 1024 2656 Scholl.
1041 2625 1070 2655 in

229 2685 270 2714 N.
285 2684 326 2714 T.
346 2682 395 2712 ΙΙ.
411 2692 442 2723 p.
458 2690 531 2721 540.
548 2690 613 2721 sqq.
654 2677 847 2720 Hippolytus
869 2677 954 2719 apud
969 2677 1070 2707 Theo-

1135 2421 1233 2451 locum
1259 2420 1349 2451 Pauli
1373 2420 1477 2451 Galat.
1496 2421 1531 2450 V.
1551 2428 1578 2460 7.
1601 2432 1644 2462 sq.
1668 2419 1834 2462 explicans.
1872 2419 1922 2450 Cf.
1946 2427 1977 2451 et

1134 2472 1299 2514 VVyttenb.
1330 2471 1368 2501 ad
1401 2471 1558 2502 Plutarch.
1591 2483 1620 2513 p.
1650 2481 1721 2511 721.
1769 2472 1845 2502 Huc
1873 2479 1975 2502 tamen

1132 2522 1264 2553 maxime
1284 2523 1402 2553 faciunt
1425 2522 1489 2553 haec
1506 2522 1637 2553 Achillis
1654 2522 1738 2552 Tatii
1761 2533 1792 2563 p.
1809 2531 1839 2562 9.
1862 2523 1901 2563 τῷ
1924 2524 1975 2552 τοῦ

1134 2574 1259 2606 κάλλους
1278 2575 1431 2612 ἑλκόμενοι
1451 2574 1598 2612 πείσματι,
1616 2573 1730 2615 quibus
1752 2571 1974 2614 elegantissime

1132 2624 1296 2655 Jacobsius
1311 2625 1376 2655 11ωο
1394 2625 1459 2667 ipsa
1474 2623 1589 2655 oraculi
1606 2623 1700 2655 nostri
1716 2623 1809 2654 verba
1830 2622 1973 2653 adhibuit

1131 2675 1161 2706 in
1179 2675 1369 2706 Animade.
1385 2687 1417 2718 p.
1430 2684 1502 2715 420.
1536 2676 1591 2706 Cr.
