2201 2990
254 136 293 168 cii
792 134 1167 165 ANNOTATIONES
1192 134 1243 165 IN
1268 132 1466 164 PLOTINI

258 229 329 265 post
344 220 564 252 Heindorfium
579 219 618 251 ad
635 219 755 250 Platon.
774 220 871 262 Gorg.
891 220 919 260 ξ.
935 221 987 259 64.
1004 231 1035 262 p.
1049 230 1100 261 91.
1118 222 1145 249 A
1162 219 1365 251 recentiorum
1390 216 1620 249 Platonicorum
1644 217 1814 260 disciplinas
1836 217 2005 249 admodum

260 280 290 304 et
307 272 451 304 Erfurdt.
468 271 507 303 ad
526 271 671 314 Sophocl.
689 271 799 313 OEdip.
818 272 897 313 Reg.
914 283 943 302 v.
960 281 986 311 7.
1003 279 1034 302 et
1051 270 1101 301 alii

259 330 448 355 monuerunt
470 331 500 354 et
522 323 587 365 ipse
610 323 714 353 monui
734 323 762 353 in
781 322 971 353 Meletemm.
990 322 1101 353 nostris

260 376 289 407 I.
306 387 338 418 p.
354 377 404 416 87.
419 375 458 406 ad
473 375 539 405 haec
556 370 734 405 Philostrati
750 373 789 403 de
802 373 861 403 Vit.
880 373 1028 415 Apollon.
1043 373 1099 403 IV.

257 437 310 469 34.
326 439 358 469 p.
372 434 448 467 174:
475 426 573 457 κοινὸν
589 427 619 456 δὲ
642 425 740 455 ἐκάλει
759 425 825 456 τούς
847 437 879 454 τε
902 425 1031 463 ἑταίρους
1055 424 1101 453 καὶ

256 478 323 511 τοὺς
338 481 395 509 τῶν
412 478 532 517 ἑταίρων
548 477 656 508 ἄλλους
680 476 808 509 δούλους,
827 474 879 504 ubi
896 474 1007 505 ἄλλους
1029 484 1098 515 per-

255 541 361 572 peram
380 528 493 560 delevit
510 526 660 559 Olearius.
706 527 787 555 Cum
812 524 840 554 in
864 523 1009 554 coelibatu
1032 530 1099 553 tum

254 580 286 611 in
311 580 521 623 orphanorum
545 577 772 617 viduarumque
795 587 869 605 cura
891 574 1029 604 imitatus
1054 582 1099 605 est
1118 583 1140 610 B

255 631 414 663 Plotinum
432 629 571 666 Proclus,
587 627 625 658 de
640 639 704 669 quo
721 626 864 657 Marinus
884 638 912 668 p.
926 636 979 668 39.
997 637 1042 667 sq.
1067 637 1096 668 p.

258 693 308 722 14.
325 683 442 713 Boiss.:
467 682 555 712 οὕτως
579 679 695 717 ἐκήδετο
718 681 775 708 τῶν
796 678 918 716 ἑταίρων
935 677 982 707 καὶ
998 678 1098 716 φίλων

253 735 391 766 ἁπάντων
415 732 460 763 καὶ
482 734 540 762 τῶν
563 731 676 761 τούτοις
699 729 908 768 προσηκόντων
930 729 1042 758 παίδων
1065 741 1097 759 τε

255 786 301 817 καὶ
316 787 469 825 γυναικῶν,
487 783 524 814 ὡς
545 781 639 813 κοινός
659 793 700 812 τις
721 780 814 818 πατὴρ
832 780 877 809 καὶ
894 780 984 811 αἴτιος
1001 779 1098 810 αὐτοῖς

253 839 304 868 τοῦ
320 836 394 867 εἶναι
410 835 576 875 γενόμενος.
600 833 790 862 παντοδαπῶς
811 832 867 870 γὰρ
882 832 933 860 τοῦ
947 831 1016 869 βίον
1033 829 1097 860 ἑκά-

253 901 332 919 στων
349 888 529 925 ἐπεμελεῖτο.
555 884 648 914 Mox:
667 882 710 912 διὸ
728 882 773 912 καὶ
791 881 978 920 ἐπεπλήρωτο
990 881 1007 919 ἡ
1020 882 1096 911 οἰκία

252 939 363 970 παίδων
387 937 432 967 καὶ
454 934 615 975 παρθένων.

251 988 353 1032 phyrii
376 987 414 1018 ad
439 986 566 1016 verbum
592 984 793 1026 transcripsit,
817 984 873 1014 nisi
894 983 977 1025 quod
1001 995 1096 1025 supra

250 1041 361 1072 habet:
387 1038 474 1069 τέκνα
493 1038 600 1076 ἄρῥενα
615 1049 647 1067 τε
663 1036 709 1066 καὶ
725 1035 817 1073 θήλεα
833 1046 864 1076 p.
878 1036 950 1075 363.
969 1034 1011 1064 ita
1027 1046 1094 1076 per-

249 1093 312 1135 git:
338 1092 457 1131 φύλακι,
481 1089 527 1119 καὶ
548 1089 678 1127 καθαρὰν
698 1087 750 1124 τὴν
765 1086 867 1126 ψυχὴν
891 1086 1000 1125 ἔχοντι,
1020 1098 1092 1124 παρ-

249 1146 362 1174 θενῶνα
386 1141 431 1171 καὶ
455 1142 592 1178 σεμνεῖον
608 1138 660 1176 τὴν
676 1139 770 1168 οἰκίαν
792 1138 904 1167 ἐκείνου
926 1138 1093 1176 ἡγούμενοι.

249 1193 428 1225 Flosculum
450 1192 577 1222 sortasse
597 1189 731 1229 sublegit
752 1188 977 1229 elegantissimo
993 1187 1094 1229 sophi-

247 1253 303 1277 stae
320 1243 456 1281 AEliano‚
472 1242 525 1284 qui
543 1243 580 1272 V.
599 1242 642 1271 H.
662 1241 770 1271 XIII.
789 1250 813 1271 1.
831 1239 870 1270 de
886 1239 1036 1270 Atalanta
1058 1251 1090 1281 p.

659 932 811 970 Eudocia,
832 944 903 974 quae
927 932 992 962 haee
1017 932 1093 961 Por·
1114 946 1137 974 C

1162 270 1310 302 dissimili.
1345 269 1458 312 Lipsiae
1477 277 1567 310 1745.
1584 268 1661 300 vidit
1677 276 1707 300 et
1723 268 1848 299 uberius
1864 269 2007 311 exposuit

1162 321 1241 352 etc.’'
1285 320 1404 362 Attigit
1425 319 1554 351 eandem
1577 331 1641 351 rem
1665 320 1798 351 breviter
1817 320 1948 351 Schoell.
1970 321 2006 351 ‘in

1162 372 1307 402 Histoire
1331 371 1367 401 de
1392 371 1424 401 la
1449 371 1641 402 Litterature
1666 372 1802 414 Grecque
1820 372 1856 402 V.
1880 383 1912 413 p.
1935 381 2004 412 119.

1163 423 1278 452 Nostro
1293 421 1323 451 in
1340 420 1406 451 loco
1421 420 1510 451 haesit
1524 421 1614 451 etiam
1639 433 1738 464 nuper
1755 422 1792 452 V.
1804 421 1850 452 Cl.
1864 422 2005 453 Daunou

1161 472 1191 502 in
1219 470 1404 513 Biographie
1421 471 1612 502 Universelle
1635 473 1678 503 T.
1698 473 1851 503 XXXV.
1875 484 1904 515 p.
1920 482 2001 514 503:

1162 526 1183 541 ‘⁶
1200 523 1249 552 On
1265 522 1300 553 lit
1315 523 1392 552 dans
1407 522 1581 564 Porphyre,
1596 534 1657 564 que
1679 522 1723 554 les
1744 525 1831 566 peres
1853 535 1890 554 en
1915 535 2003 555 mou-

1160 580 1229 603 rant
1251 572 1531 603 recommandaient
1554 572 1636 604 leurs
1657 574 1778 605 enfants
1800 577 1817 605 a
1841 574 1956 612 Plotin,
1973 582 2004 606 et

1160 637 1221 666 que
1235 624 1274 655 de
1290 636 1323 656 ce
1339 624 1478 661 nombre,
1495 625 1527 654 ἐν
1542 625 1662 660 τούτοις,
1680 625 1755 655 ἐῑοὶῑ
1770 626 1932 657 Potamon.
1971 625 2004 657 Si

1160 677 1312 707 Potamon
1336 682 1382 706 est
1405 675 1447 706 du
1471 675 1599 706 nombre
1621 675 1675 706 des
1697 677 1795 718 peres,
1815 688 1854 707 on
1878 677 1906 708 le
1928 684 2004 719 peut

1159 727 1254 757 croire
1276 738 1316 757 un
1340 738 1401 769 peu
1425 726 1495 769 plus
1517 728 1575 768 age
1594 738 1656 768 que
1672 726 1797 763 Plotin3
1824 727 1869 758 s'il
1892 737 1937 758 est
1957 727 2001 758 du

1159 778 1287 809 nombre
1301 778 1354 808 des
1369 778 1427 816 fils,
1444 777 1464 808 il
1484 789 1561 808 aura
1583 780 1631 808 ete
1655 789 1709 808 son
1731 778 1867 820 disciple.
1913 780 2003 810 Cette

1158 829 1289 860 seconde
1303 829 1535 871 interpretation
1551 836 1597 860 est
1612 829 1641 860 la
1656 829 1755 860 moins
1771 830 1934 871 probable3
1950 842 2002 862 car

1159 880 1321 923 Porphyre
1337 880 1492 918 continue,
1509 891 1546 911 en
1562 880 1663 911 disant
1679 892 1740 922 que
1758 881 1858 911 Plotin
1876 893 1907 912 se
1927 881 2003 924 plai-

1158 931 1213 962 sait
1230 934 1247 962 Ξι
1261 931 1409 962 entendre
1428 932 1579 962 Potamon
1596 932 1744 963 dissertor
1759 943 1816 963 sur
1831 943 1891 963 une
1903 933 2003 975 philo.

1156 983 1261 1025 sophie
1283 983 1432 1021 nouvelle,
1455 983 1529 1014 dont
1550 983 1576 1013 il
1590 982 1685 1023 jetait
1708 983 1750 1014 les
1763 984 2001 1025 fimlementsff'

1159 1033 1231 1071 Sed,
1256 1034 1343 1065 liceat
1365 1034 1446 1064 enim
1471 1034 1545 1064 mihi
1567 1033 1693 1076 obloqui
1718 1034 1792 1065 Viro
1817 1034 2000 1072 Venerabili,

1157 1085 1331 1127 sequentia:
1361 1086 1394 1116 οὗ
1417 1087 1465 1123 τῆς
1487 1086 1666 1118 παιδεύσεως
1689 1087 1859 1125 φροντίζων,
1884 1094 2001 1128 cogunt

1156 1148 1222 1173 nos,
1240 1144 1274 1167 ut
1291 1136 1373 1167 hunc
1391 1137 1587 1167 Potamonem
1607 1136 1717 1167 Plotini
1735 1136 1895 1167 alumnum
1916 1137 2000 1179 cogi-

1156 1194 1264 1218 temus.
1310 1188 1382 1218 Jam
1405 1187 1471 1229 lege
1492 1187 1565 1218 mihi
1583 1188 1648 1218 haec
1663 1200 1690 1218 e.
1704 1188 1769 1218 XI.
1787 1200 1818 1230 p.
1834 1198 1845 1218 1
1856 1198 1903 1220 12.
1919 1196 1996 1220 extr.

1155 1247 1185 1269 et
1201 1251 1229 1280 p.
1247 1248 1312 1280 113.
1327 1250 1437 1280 supra:
1462 1240 1583 1278 πρόειπε
1605 1240 1636 1269 δὲ
1660 1239 1696 1269 ἂν
1713 1239 1760 1269 καὶ
1775 1242 1831 1270 τῶν
1848 1239 1998 1270 συνόντων

249 1306 327 1337 203:
353 1296 388 1334 ἦν
409 1295 461 1325 οὖν
484 1294 593 1334 χωρίον
615 1293 743 1332 χαρίτων
766 1291 942 1329 ἀνάμεστον,
969 1291 1015 1320 καὶ
1038 1304 1090 1321 σε-
1110 1301 1136 1328 D
1154 1291 1265 1320 παίδων
1281 1291 1347 1329 περὶ
1363 1290 1487 1320 ἑκάστου
1507 1291 1567 1322 οἷος
1590 1289 1786 1328 ἀποβήσεται,
1803 1291 1840 1322 ὡς
1864 1291 1910 1321 καὶ
1932 1291 1997 1330 περὶ

246 1345 392 1387 μνότατόν
404 1359 435 1376 τε
452 1345 510 1383 ἅμα
527 1344 572 1374 καὶ
589 1344 730 1382 σώφρονα
746 1344 918 1381 παρθενῶνα
934 1343 1089 1377 ἐδείκνυεν,

246 1398 299 1430 ubi
315 1397 385 1428 libri
400 1398 498 1427 MSS.
512 1397 702 1434 παρθενεῶνα
719 1393 772 1432 (de
788 1405 849 1435 qua
867 1392 1012 1423 varietate
1028 1393 1091 1434 egit

247 1448 382 1481 Lobeck.
396 1448 434 1478 ad
449 1445 620 1489 l'hrynich.
637 1457 668 1487 p.
681 1446 748 1475 166.
760 1457 806 1485 sq.
822 1444 873 1474 ubi
891 1446 1091 1483 παρθενεῶνες

245 1513 262 1532 e
276 1501 343 1531 loco
359 1498 475 1529 AEliani
493 1496 703 1536 scribendum)
722 1496 875 1535 παρθενίου
891 1495 983 1525 hahet
999 1495 1089 1525 etiam

245 1551 407 1583 Himerius
430 1549 559 1591 Eclogg.
586 1548 708 1578 XXX.
733 1548 762 1578 8.
790 1559 822 1589 p.
846 1556 914 1587 294.
942 1546 1089 1577 VVernsd.

247 1605 300 1635 Cr.

287 1666 318 1697 p.
337 1654 376 1684 lx.
393 1653 418 1684 d.
442 1652 496 1683 Ἐν
512 1652 623 1683 τούτοις
639 1651 669 1681 δὲ
686 1650 721 1689 ἧν
734 1650 779 1680 καὶ
796 1649 957 1692 Ποτάμων]
984 1653 1004 1667 “
1017 1650 1087 1679 Non

243 1704 481 1738 confundendus
510 1714 579 1733 cum
611 1702 676 1732 aliis
706 1701 829 1731 duobus
856 1701 1088 1737 l‘otamonibus,

244 1756 427 1800 NIytilenaeo
445 1755 582 1785 Rhetore
602 1761 631 1784 et
648 1752 863 1783 Alexandrino
881 1752 1088 1794 Philosophiae

243 1807 408 1840 Eclecticae
424 1814 548 1837 auctore
565 1804 732 1847 przecipuo,
748 1803 913 1845 dequibus
931 1803 1042 1833 Suidas
1057 1811 1087 1834 et

242 1860 281 1891 ad
306 1858 466 1890 Laertium
491 1856 547 1887 viri
571 1855 686 1886 (loeti.’'
710 1856 834 1885 Fabric.
888 1855 1032 1887 πολλάκις
1055 1855 1087 1885 ἓν

244 1912 290 1942 καὶ
305 1911 531 1949 μεταποιοῦντος
546 1907 729 1946 ἠκροάσατοε
757 1905 983 1936 “Auscultarit
1000 1906 1085 1936 illuni

243 1973 336 1993 unam
363 1959 554 2001 eandemque
581 1970 643 1988 reni
668 1957 827 1988 exercendi
856 1957 968 1998 ingenii
996 1969 1087 1987 eausa

243 2011 472 2044 disse1·ent0m.”
495 2011 592 2040 Idem.
640 2010 690 2039 De
711 2008 933 2039 Potamonilnis
956 2008 1087 2049 quaestio

243 2064 339 2106 probe
355 2061 492 2093 exercuit
508 2061 588 2091 viros
603 2060 720 2096 doctos,
741 2060 915 2090 Reinesiuni
933 2060 1083 2090 Observv.

242 2116 272 2146 in
291 2114 377 2145 Suid.
394 2125 422 2155 p.
441 2123 511 2153 209.
532 2111 670 2148 Miilleri,
694 2111 779 2141 alios.
826 2111 926 2152 Cujus
949 2111 1087 2153 disputa-

244 2166 334 2197 tionis
348 2165 496 2195 rationem
513 2163 555 2193 ita
570 2162 751 2193 concludere
767 2162 899 2192 instituit
917 2162 1039 2193 Harles.
1055 2163 1085 2192 in

244 2217 366 2248 Fabrie.
392 2215 473 2246 Bibl.
490 2216 546 2245 Gr.
565 2215 632 2245 III.
656 2225 685 2255 p.
708 2214 787 2254 185:
813 2214 954 2250 “Quare
978 2214 1001 2243 si
1025 2221 1086 2244 tres

242 2268 283 2298 illi
303 2268 495 2304 l'otamones,
511 2266 549 2296 de
571 2265 685 2307 quibus
706 2265 874 2306 Diogenes,
892 2265 1085 2307 Porphyrius

242 2327 273 2350 et
290 2318 400 2349 Suidas
422 2317 586 2354 disserunt,
604 2315 803 2358 probabiliter
824 2316 950 2345 fuerunt
973 2316 1084 2346 diversi

1155 1341 1334 1379 Πολέμωνος
1356 1342 1416 1374 οἷος
1439 1341 1532 1377 ἔσται,
1549 1342 1593 1372 ὅτι
1614 1341 1748 1380 ἐρωτικὸς
1768 1342 1851 1372 ἔσται
1872 1343 1918 1373 καὶ
1934 1343 1995 1373 ὀλι-

1153 1392 1319 1432 γοχρόνιος,
1337 1394 1408 1432 ὅπερ
1432 1393 1478 1423 καὶ
1501 1392 1609 1431 ἀπέβη,
1626 1400 1655 1423 et
1678 1400 1789 1434 reputa
1811 1392 1888 1424 illud
1913 1394 1945 1424 ἓν
1967 1402 1998 1425 et

1154 1443 1297 1474 Fabricio
1313 1452 1342 1475 et
1357 1444 1501 1474 Daunoio
1513 1443 1639 1486 aliisque
1651 1443 1791 1474 fraudem
1807 1444 1923 1482 fecisse,
1935 1457 1998 1487 quo

1152 1494 1253 1525 minus
1270 1495 1351 1525 hune
1368 1495 1468 1525 locum
1487 1495 1750 1537 perciperent—et
1766 1495 1915 1526 ambabus
1932 1508 1991 1527 rna-

1152 1545 1243 1576 nihus
1259 1546 1388 1588 accipies
1403 1558 1492 1588 opem
1515 1546 1749 1588 lVyttmzbachii,
1767 1546 1819 1587 qui
1836 1547 1865 1577 in
1883 1548 1997 1579 notulis

1152 1608 1257 1627 niscrr.
1274 1609 1393 1628 mecum
1411 1597 1642 1628 communicatis
1664 1597 1728 1628 haec
1749 1598 1872 1639 posuit:
1899 1603 1919 1617 “
1931 1602 1992 1630 Πο-

1108 1664 1131 1690 E
1151 1647 1259 1686 τάμων.
1293 1649 1379 1691 Lege
1403 1649 1558 1687 Πολέμων.
1583 1648 1623 1679 cf.
1649 1660 1680 1690 p.
1702 1658 1770 1689 113.
1798 1649 1830 1680 ἓν
1854 1650 1900 1680 καὶ
1921 1653 1994 1689 μετὰ

1150 1701 1310 1733 ποιοῦντος.
1357 1700 1436 1731 Cod.
1461 1700 1625 1730 Vossianus
1650 1699 1834 1740 (Leidensis)
1859 1701 1912 1732 dat
1935 1703 1990 1733 ew:

1150 1751 1235 1783 bene.
1283 1754 1405 1782 Caetera
1425 1751 1467 1782 sic
1488 1751 1626 1792 corrigo:
1653 1752 1700 1781 καὶ
1720 1751 1811 1790 μέτρα
1831 1755 1991 1789 ποιοῦντος,

1150 1803 1169 1833 i.
1180 1815 1207 1834 e.
1222 1814 1331 1834 versus
1347 1803 1507 1834 facientem
1524 1802 1652 1833 audivit.
1671 1802 1707 1833 ἂν
1720 1802 1846 1844 exposui
1862 1803 1891 1833 in
1909 1803 1990 1835 Bibl.

1151 1855 1229 1885 Crit.
1248 1855 1333 1885 XII.
1351 1866 1382 1896 p.
1395 1855 1465 1895 33.”
1505 1855 1554 1884 Ita
1570 1853 1629 1884 illc.
1675 1854 1724 1883 De
1741 1853 1797 1884 hoc
1813 1853 1859 1890 ἂν,
1876 1854 1928 1885 ubi
1947 1866 1992 1885 so-

1149 1905 1210 1937 lere
1233 1906 1394 1947 significat,
1411 1906 1551 1948 proxime
1567 1904 1631 1935 dixi
1653 1904 1691 1935 ad
1715 1916 1780 1946 cap.
1795 1905 1894 1935 VIII.
1912 1915 1989 1937 extr.

1148 1958 1242 2000 idque
1259 1957 1357 1999 recepi
1374 1968 1410 1987 ex
1427 1957 1510 1987 libris
1527 1956 1635 1986 nostris
1650 1955 1803 1998 pluribuS‚
1815 1968 1849 1986 ac
1863 1956 1991 1988 vixdum

1108 2025 1129 2052 F
1148 2021 1196 2040 me
1212 2009 1360 2046 continui,
1376 2008 1450 2050 quin
1467 2008 1558 2047 μέτρα
1574 2018 1700 2048 quoque
1716 2006 1746 2036 in
1762 2006 1899 2037 ordinem
1919 2008 1992 2039 reci-

1148 2072 1263 2104 perem.
1311 2062 1389 2091 Sunt
1405 2060 1485 2090 enim
1502 2059 1531 2089 in
1549 2058 1605 2088 hoc
1622 2057 1735 2095 libello,
1750 2065 1783 2088 ut
1799 2058 1828 2088 in
1846 2058 1931 2089 libris
1946 2059 1992 2102 ip-

1149 2113 1210 2143 sius
1234 2111 1349 2143 Plotini
1375 2111 1457 2142 haud
1484 2121 1583 2152 pauca
1606 2109 1678 2138 vitia
1701 2109 1880 2146 inveterata,
1906 2110 1990 2148 Quid

1148 2163 1284 2206 quaeris?
1324 2164 1393 2193 Hac
1416 2161 1546 2192 lectione
1568 2159 1701 2190 admissa
1717 2160 1818 2190 omnia
1834 2168 1905 2202 apte
1920 2167 1988 2192 coe-

1148 2223 1214 2246 unt.
1238 2216 1316 2245 Erat
1332 2214 1361 2244 in
1378 2212 1503 2255 pupillis
1515 2211 1654 2249 Polemo,
1668 2211 1797 2241 faciebat
1813 2211 1988 2251 versiculos,

1146 2278 1224 2308 quos
1240 2277 1309 2296 eum
1327 2265 1503 2296 recitantem
1519 2263 1625 2294 audire
1641 2262 1756 2293 solebat
1770 2263 1924 2301 Plotinus,
1935 2264 1989 2306 qui

1146 2328 1216 2347 cum
1240 2316 1345 2358 poesin
1369 2327 1438 2346 eum
1463 2314 1614 2356 attingere
1635 2313 1769 2351 vidisset,
1787 2322 1817 2344 et
1831 2314 1988 2356 ingenium

243 2379 273 2402 et
288 2368 416 2401 diversis
432 2367 622 2409 temporibus
638 2367 792 2403 vixerunt,
806 2366 954 2407 Diogenis
968 2367 1083 2397 Laertii
1102 2380 1128 2408 G
1146 2368 1212 2409 ejus
1234 2366 1449 2409 perspexisset,
1467 2365 1623 2396 metuebat
1645 2376 1683 2395 ne
1706 2364 1735 2395 in
1759 2376 1893 2395 amorem
1916 2377 1987 2408 pro-

242 2420 446 2453 narrationem
473 2418 511 2448 de
539 2419 719 2455 Potamone‚
745 2417 916 2447 eclectieam
947 2418 1083 2459 philoso-

242 2471 359 2516 phandi
374 2470 521 2501 rationem
538 2480 639 2499 corani
656 2468 812 2510 discipulis
834 2468 914 2498 intra
937 2469 1082 2499 saeculum

241 2523 378 2555 medium
396 2522 444 2552 II.
461 2528 491 2551 et
511 2520 646 2550 medium
668 2519 813 2550 saeeulum
833 2519 957 2550 tertium
978 2521 1083 2561 profit-

241 2584 321 2612 ente,
345 2584 408 2604 esse
431 2570 676 2612 intelligendum,
699 2571 733 2600 fit
756 2569 916 2600 credibile:
944 2570 974 2600 id
997 2571 1082 2612 quod

241 2626 332 2657 etiam
350 2625 399 2655 M.
413 2624 457 2654 H.
471 2623 510 2654 G.
527 2622 695 2653 Gloeclcner
715 2621 745 2651 in
769 2621 977 2663 disputatione
992 2622 1083 2653 docta

241 2678 291 2708 De
308 2674 486 2708 I'otamonis
502 2672 706 2705 Alexandrini
722 2672 915 2715 philosophia
931 2672 1080 2710 eclectiea‚

1146 2418 1267 2460 pensior
1290 2417 1444 2455 evaderet,
1460 2425 1489 2448 et
1508 2425 1541 2447 ut
1557 2416 1657 2447 vitalis
1679 2423 1757 2446 esset
1779 2427 1876 2458 puer;
1902 2417 1986 2459 quod

1145 2468 1323 2511 augurium,
1334 2474 1442 2510 utpote
1455 2480 1492 2498 ex
1506 2468 1572 2509 ipsa
1587 2467 1718 2498 hominis
1733 2466 1834 2497 indole
1849 2475 1986 2509 captum,

1145 2527 1273 2551 eventus
1296 2519 1518 2562 comprobavit.
1566 2519 1669 2561 Igitur
1692 2518 1758 2549 haec
1780 2518 1803 2548 si
1826 2517 1984 2549 admiseri-

1144 2582 1224 2609 mus,
1237 2571 1300 2602 duo
1312 2571 1399 2601 nobis
1414 2578 1529 2602 restant
1544 2570 1734 2606 Potamones,
1748 2576 1779 2599 et
1793 2569 1986 2601 retractanda

1144 2629 1228 2659 sunt,
1251 2634 1322 2664 quae
1345 2622 1383 2653 (le
1406 2622 1505 2653 tribus
1527 2621 1691 2652 commenti
1714 2627 1786 2650 sunt
1811 2619 1867 2649 viri
1891 2620 1982 2652 docti.

1142 2674 1192 2705 De
1206 2674 1424 2705 Polemonibus
1441 2674 1501 2704 vid.
1517 2673 1602 2705 Suid.
1616 2671 1788 2704 Eudociam
1805 2678 1835 2702 et
1850 2671 1881 2701 in
1898 2671 1984 2703 illum
