2201 2990
320 152 392 202 198
454 151 673 191 ARGUM.
695 151 860 190 MARS.
883 150 985 190 FIC.
1008 150 1069 189 IN
1092 149 1199 189 LIB.
1222 150 1277 189 II.
1308 149 1562 189 ENNEAD.
1583 148 1876 188 SECUNDAE.

315 248 388 279 latet
410 249 541 291 agendo,
566 248 715 290 siquidem
738 259 799 279 non
823 255 884 278 tam
907 247 988 285 inde,
1011 258 1104 295 quam
1126 259 1145 278 a

315 291 422 322 mundi
438 299 557 329 natura,
574 291 745 333 dependet:
771 299 836 322 tum
853 290 936 332 quia,
953 301 1023 321 cum
1045 301 1145 320 amma

315 342 418 365 nostra
439 334 572 376 primum
595 333 774 365 descendit
767 345 798 364 111
813 345 934 381 corpus,
952 344 1062 380 corpus
1080 333 1144 380 jani

315 377 374 408 alia
388 377 451 407 vita
466 377 559 408 vivit:
585 384 649 407 tun]
671 377 743 418 quia
764 376 830 407 haec
845 377 907 407 vita
927 387 1070 418 corporis,
1087 376 1142 406 eti-

315 419 390 450 amsi
413 420 452 450 ab
475 420 576 450 anima
597 427 699 450 nostra
721 419 902 461 dependeat,
924 430 1019 461 quum
1043 426 1143 449 tamen

316 462 425 493 evadat
446 463 569 505 propria
589 463 719 510 corpori,
735 474 846 510 corpus
861 473 932 492 vero
947 469 1083 492 nostrum
1107 461 1145 491 sit

315 517 386 548 pars
407 517 540 553 corpons
563 517 705 543 univerffl,
721 506 829 536 merito
849 513 879 536 et
901 505 966 546 ipsa
981 504 1073 534 vitam
1097 515 1143 533 se-

315 549 421 591 quitur
436 549 578 579 universi
603 550 648 579 At
660 560 732 579 vero
747 549 777 578 in
793 547 899 578 mundi
915 547 977 577 vita
991 554 1020 576 et
1036 553 1144 576 natura

315 592 478 622 comitatur
492 591 737 638 imaginationem
760 591 815 621 sibi
833 590 1037 631 conjunctam,
1052 595 1144 629 atque

316 634 457 672 vicissim,
473 642 503 664 et
518 634 579 664 vita
601 634 667 664 haec
689 645 759 664 cum
775 633 887 663 virtute
910 630 999 661 simul
1014 638 1145 677 utraque

315 689 353 708 ex
368 677 477 708 animae
500 677 668 707 substantia
691 675 803 717 prodit,
819 683 849 705 et
864 674 954 704 micat
974 684 1011 703 ex
1034 684 1143 702 annnae

315 720 442 757 viribus,
458 727 550 761 atque
565 719 635 749 inde
650 726 797 748 movetur.
847 716 905 747 Sed
922 715 1066 757 quoniam
1083 715 1145 745 vita

316 763 381 793 haec
397 763 516 804 singula
529 762 670 808 genitura
685 768 739 797 est,
756 760 939 801 imaginatur
957 766 987 788 et
1007 757 1141 799 singula:

315 813 408 847 atque
425 813 458 836 ut
473 816 573 847 lpsum
590 803 720 834 universi
735 802 871 832 ordinem
895 801 950 831 rite
965 808 1058 842 queat
1072 812 1145 830 ima-

315 860 424 890 gmarl,
434 848 557 878 ducitur
571 848 610 877 ab
621 845 834 887 imaginatione
850 844 943 885 priori
959 843 1144 874 rationaliter

316 891 435 939 singula
449 890 610 932 cogitante,
625 896 730 930 utpote
745 899 814 928 quae
830 898 971 934 proxxme
984 886 1020 917 sit
1036 886 1143 916 rationi

316 934 484 975 conjuncta
531 931 623 962 Ratio
636 942 706 961 xero
722 941 792 960 umv
797 941 862 960 ersa
877 941 1005 960 vmisfflm
1022 937 1146 959 contue-

316 985 367 1007 tur
389 984 418 1006 et
441 974 574 1016 singula:
600 973 770 1004 intellectus
791 973 923 1014 denique
947 972 976 1002 in
1000 972 1146 1002 universis

316 1018 435 1067 singula
450 1002 687 1064 comprehendit.
716 1017 815 1063 Quam
831 1016 871 1046 ob
887 1027 948 1045 rem
965 1014 1029 1045 caeli
1046 1022 1146 1045 motus

317 1073 346 1092 m
370 1061 473 1092 orbem
501 1059 638 1101 sequitur
662 1071 725 1089 sua}
748 1059 818 1089 vite
843 1066 972 1095 motum,
995 1066 1146 1099 quatenus

316 1103 462 1146 ejusmodi
485 1103 548 1133 vita
569 1114 587 1133 a
609 1102 756 1144 superiori
781 1102 893 1132 virtute
917 1100 1146 1141 substantiaque

318 1147 399 1177 velut
412 1146 486 1177 orbe
501 1145 769 1187 comprehenditur
788 1151 818 1174 et
841 1151 1035 1185 retorquetul
1050 1143 1079 1173 in
1096 1154 1143 1173 or-

315 1190 395 1220 bem.
442 1188 598 1230 Siquidem
625 1200 654 1218 1n
681 1187 816 1235 qualibet
846 1187 965 1229 spliara
990 1197 1144 1228 corporea,

316 1243 509 1274 quaecunque
533 1243 603 1274 pars
627 1231 681 1261 toti
704 1230 848 1261 continua
872 1238 1021 1267 movetur,
1045 1240 1144 1259 secum

316 1275 409 1306 trahit
430 1282 460 1305 et
484 1282 590 1311 totam,
613 1274 687 1304 dum
712 1281 812 1315 partes
836 1273 958 1314 quidem
983 1272 1146 1302 anteriores

316 1325 402 1349 motu
418 1317 571 1360 propellit,
586 1324 615 1347 ct
630 1317 809 1358 posteriores
825 1316 938 1346 interca
953 1315 1055 1346 trahit.
1085 1315 1147 1345 Ita»

316 1373 376 1403 que
392 1368 422 1391 et
437 1361 557 1402 sphaera
571 1360 713 1390 nimirum
731 1359 869 1401 superio}
880 1366 964 1389 motu
982 1370 1036 1388 suo
1049 1358 1146 1388 vibrat

315 1404 497 1435 inferiorem.
545 1403 687 1444 Denique
710 1403 786 1433 sicut
805 1402 880 1432 dum
904 1401 1023 1432 animus
1047 1408 1147 1431 noster

316 1447 450 1485 laetatur,
477 1457 593 1488 suoque
622 1445 714 1476 modo
740 1453 879 1475 movetur
905 1444 1045 1491 opinione
1076 1444 1144 1474 boni

317 1490 430 1527 subito,
446 1500 557 1537 corpus
573 1488 751 1530 praesertim,
768 1488 891 1529 spiritus
909 1499 963 1517 suo
978 1487 1068 1517 etiam
1085 1498 1147 1517 mo-

317 1533 368 1572 do,
390 1544 529 1574 quamvis
552 1532 610 1562 alio
634 1531 745 1562 scilicet
769 1530 854 1561 locali
881 1538 1030 1566 movetur,
1054 1529 1095 1560 sic
1117 1538 1145 1560 et

317 1575 477 1618 genitalis
472 1587 502 1606 111
518 1574 634 1606 mundo
651 1574 711 1605 vita
727 1586 779 1616 per
795 1573 1038 1615 imaginationem
1063 1584 1145 1603 suam

1186 247 1225 278 ab
1249 247 1462 295 imaginatione
1484 253 1596 277 rectam
1620 245 1775 288 superiore
1796 245 1878 276 bono
1898 245 2012 282 fruens,

1187 298 1279 332 atque
1294 290 1436 337 gestiens,
1453 297 1483 320 et
1505 289 1645 320 exultans
1669 300 1780 330 corpus
1803 288 1904 319 subito
1925 299 2014 318 suum

1188 333 1329 370 concitat,
1346 332 1492 374 ducitque
1508 332 1653 374 tripudio.
1694 330 1878 378 Imaginatio
1892 342 2015 372 quoque

1186 376 1324 423 superior
1346 383 1412 406 tum
1434 388 1451 406 a
1475 375 1589 406 ratione
1613 374 1727 405 directa
1748 385 1779 404 1n
1804 374 1929 410 bonum,
1949 381 2014 403 tum

1187 430 1252 460 ipsa
1274 418 1355 448 bono
1371 419 1436 459 jam
1458 426 1579 465 reperto
1601 416 1815 459 congratulans
1831 415 2016 446 exultatione

1188 468 1344 491 movzetur
1369 472 1528 501 quumque
1549 472 1627 490 circa
1649 460 1762 490 bonum
1787 471 1817 489 se
1833 470 1951 489 versare
1965 458 2017 489 de-

1188 502 1336 539 sideret,
1331 514 1493 544 ipsumque
1520 503 1635 533 bonum
1663 502 1701 532 sit
1724 502 1848 549 ubique,
1874 501 2015 532 nimirum

1188 545 1327 575 choream
1350 545 1413 586 agit
1433 545 1555 586 ubique.
1602 545 1745 575 Similiter
1760 545 1823 586 agit
1837 551 1867 575 et
1886 544 1962 575 ratio
1977 544 2017 575 ad

1188 588 1302 617 bonum
1332 587 1488 617 intellectu
1518 587 1652 618 directa:
1686 587 1821 618 similiter
1847 587 2017 618 intellectus

1188 630 1268 660 bono
1282 630 1418 671 proxime
1433 629 1578 660 concitus.
1619 629 1678 659 Sed
1694 630 1838 671 quoniam
1853 630 1934 660 bono
1947 641 2017 671 pro-

1188 672 1288 702 ximus
1314 680 1368 709 est,
1396 684 1494 714 neque
1518 672 1592 703 dum
1619 672 1683 713 agit
1709 672 1748 702 ad
1772 683 1872 714 ipsum
1898 672 2017 703 formali

1188 716 1332 757 quopiam
1355 715 1470 757 indiget
1494 715 1606 753 medio,
1622 714 1781 756 multoque
1803 726 1904 745 mmus
1918 714 2018 745 medio

1189 758 1358 800 temporali,
1370 758 1480 789 idcirco
1495 758 1570 788 dum
1586 769 1654 788 mov
1658 765 1736 794 etur,
1748 757 1779 788 id
1795 764 1850 794 est,
1860 757 1923 799 agit
1937 769 2018 788 clrca

1188 800 1315 838 bonum,
1332 801 1442 831 dicitur
1457 808 1486 832 et
1502 801 1618 843 patitur
1633 800 1853 842 conquiescere
1901 801 1939 830 In
1955 811 2018 842 quo

1188 851 1268 874 certe
1290 844 1407 892 primus
1429 856 1492 874 esse
1515 852 1610 874 status
1634 843 1835 880 existimatur,
1851 854 1906 885 per
1925 854 2017 884 quem

1188 886 1321 917 consistit
1346 898 1375 917 1n
1402 887 1519 928 primo:
1544 894 1574 917 et
1594 886 1705 917 idcirco
1728 897 1920 928 quaecunque
1942 885 2018 916 dum

1189 937 1360 966 moventur,
1382 937 1460 960 stare
1485 929 1573 960 simul
1596 929 1742 959 dicuntur
1766 940 1795 959 111
1819 936 1915 965 motu,
1933 929 2018 970 quod

1189 980 1233 1002 est
1255 972 1328 1002 orbe
1351 972 1476 1010 moveri,
1491 972 1521 1002 id
1544 972 1678 1002 muneris
1700 972 1738 1002 ab
1761 971 1915 1002 intellectu
1931 979 2019 1002 nacta

1189 1022 1359 1045 censentur.
1405 1015 1465 1045 Sed
1481 1023 1694 1056 argumentum
1714 1015 1776 1057 jam
1801 1014 1856 1045 hac
1878 1014 2017 1045 animad-

1190 1058 1326 1088 versione
1348 1058 1506 1094 conclude,
1522 1066 1557 1088 ut
1579 1058 1750 1088 memineris
1772 1057 1968 1088 substantiam
1988 1064 2017 1087 et

1191 1101 1334 1131 virtutem
1350 1101 1458 1131 animae
1474 1101 1669 1142 superiorem,
1683 1100 1788 1131 sicum
1804 1100 1945 1131 inferiore
1958 1099 2018 1130 vita

1189 1151 1363 1185 virtuteque
1386 1151 1589 1185 comparetur,
1612 1151 1677 1173 tum
1701 1151 1850 1180 centrum,
1871 1151 1937 1173 tum
1958 1143 2016 1174 cir-

1189 1186 1416 1217 cumferentiam
1433 1186 1573 1227 judicari.
1621 1187 1768 1216 Centrum
1785 1185 1908 1227 quidem
1946 1197 2020 1216 uan-

1190 1238 1255 1260 tum
1279 1230 1416 1271 superior
1434 1229 1498 1259 11151·
1521 1229 1655 1260 stabilior
1669 1236 1724 1266 est,
1741 1236 1833 1270 atque
1856 1197 2019 1276 simplicior

1189 1272 1227 1303 ab
1242 1273 1298 1303 hac
1314 1272 1430 1315 reliqua
1446 1272 1560 1314 prodit,
1576 1271 1615 1302 ad
1635 1271 1712 1302 hanc
1734 1271 1874 1313 appetitu
1898 1271 2020 1302 reverti-

1190 1323 1249 1346 tur
1280 1317 1304 1346 C
1309 1315 1533 1346 ircumserentia
1548 1326 1620 1345 xero
1634 1323 1784 1356 quantum
1801 1314 1937 1356 superior
1951 1326 2020 1356 pro-

1189 1358 1238 1388 cul
1254 1358 1349 1389 dubio
1366 1358 1469 1389 multis
1484 1357 1655 1388 inferiorem
1671 1357 1818 1399 gradibus
1834 1357 1954 1388 virtutis
1969 1369 2019 1388 ex-

1190 1401 1279 1432 cedit.
1325 1403 1394 1449 Quo
1409 1401 1533 1443 quidem
1554 1400 1675 1431 virtutis
1697 1411 1831 1436 excessu,
1849 1399 1932 1431 velut
1953 1411 2017 1431 am-

1189 1444 1255 1474 bitu
1277 1444 1421 1491 quopiam
1445 1444 1601 1491 ampliore,
1624 1443 1795 1473 inferiorem
1820 1442 1913 1479 illam,
1935 1442 2019 1474 velut

1189 1487 1393 1528 angustiorem
1418 1486 1632 1533 supereminet,
1649 1494 1679 1517 et
1701 1485 1912 1527 complectitur
1926 1493 2019 1527 atque

1189 1538 1356 1567 conservat,
1373 1539 1401 1561 et
1418 1530 1502 1561 ducit
1518 1529 1630 1572 pariter
1645 1537 1737 1571 atque
1754 1528 1883 1560 reducit.
