2201 2990
575 131 639 170 IN
670 130 778 169 LIB.
810 129 880 168 IX.
912 126 1169 166 ENNEAD.
1199 124 1498 164 SECUNDAE.

173 242 266 273 quam
290 230 429 273 proxima
445 228 615 270 judicatur.
661 227 773 257 Anima
787 236 870 261 vero,
887 235 958 266 quae
978 230 1008 253 01

174 286 228 316 per
240 273 396 304 essentiam
413 278 524 308 manet,
535 277 565 301 et
580 270 691 300 iterum
707 268 827 310 agendo
842 279 881 298 ex
897 278 927 297 se
943 266 1008 308 ipsa

174 325 325 353 movetur,
350 322 380 346 01
406 321 474 356 11051
501 312 742 355 progressionem
769 310 865 341 reficit
889 309 1007 346 orbem,

173 359 266 390 menti
281 369 374 400 quam
390 356 528 398 proxima
543 363 588 386 est
603 355 727 386 omnino
743 353 853 389 stabili,
870 359 899 383 et
923 351 953 382 111
977 363 1008 381 50

172 403 267 444 ipsam
290 401 415 431 omnino
437 410 600 429 conversae.
647 397 706 427 Sed
730 396 799 438 quis
822 407 881 426 non
906 394 1009 425 videat

172 445 301 475 animam
324 453 442 484 semper
456 453 490 472 ac
507 453 586 472 verae
607 439 814 481 intelligentia¹
836 445 1007 480 compotem

172 498 235 518 esse
257 485 423 516 intellectui
446 484 545 526 primo
568 495 660 525 quam
686 482 884 525 proximam?
917 480 1008 518 Quod

171 529 265 572 igitur
280 529 310 558 in
327 527 443 558 mundo
459 527 496 557 sit
517 527 611 557 motio
627 534 657 557 et
677 526 755 556 aetio
770 525 888 567 quaevis
907 524 946 554 ad
963 523 1008 553 vi-

173 580 233 603 tam
245 571 377 612 denique
393 570 561 605 conferens,
573 569 711 611 procedit
726 569 765 599 ab
780 568 889 599 anima.
915 567 1007 605 Quod

171 622 273 645 autem
289 613 439 655 ejusmodi
455 613 549 643 motio
564 613 705 643 ordinata
723 612 761 642 sit
780 619 873 653 atquc
894 610 1009 641 stabilis

171 664 201 688 et
217 657 247 688 in
263 657 367 687 orbem
383 656 573 692 restituatur,
590 663 620 686 et
636 656 748 685 formas
763 654 926 696 exprimat,
944 665 1006 684 501·-

172 701 247 732 11101·
261 712 280 731 a
295 706 404 730 mente.
430 699 521 736 Quod
535 699 668 740 denique
685 706 749 729 111111
768 697 893 729 motioni
908 704 1009 728 certus

174 743 288 786 ubique
311 742 504 784 praescriptus
524 741 563 772 sit
586 742 664 780 finis,
681 749 747 772 tum
767 742 874 772 formae
897 740 1008 782 passim

173 786 240 817 aliae
262 786 434 817 conducant
456 785 531 822 aliis,
548 792 592 815 est
614 785 653 816 ab
669 785 735 827 ipso
750 785 832 815 bono
848 784 1007 815 tributum.

175 830 213 860 In
228 828 302 860 caelo
317 828 441 870 quidem
464 828 602 865 essentia,
618 829 684 866 lux,
701 828 864 865 mobilitas,
880 828 1008 864 bonum,

172 879 315 909 mentem,
331 871 462 902 animam
479 879 709 913 repraesentant.
736 872 801 901 Sub
816 871 890 902 caelo
905 877 1008 901 autem

170 926 261 946 causa
283 914 380 945 finalis
403 914 529 951 1101111111,
552 914 687 945 formalis
710 922 855 951 mentem,
879 913 1009 944 efficiens

170 958 300 988 animam
318 957 430 988 referre
446 957 577 988 videtur.
603 957 755 995 Quoniam
770 969 841 988 vero
857 957 895 987 (10
911 957 1010 988 tribus

171 1000 306 1031 omnium
334 1000 490 1043 principiis
514 1008 544 1031 et
570 1001 681 1043 passim
710 1001 739 1031 111
767 1000 956 1042 argumentis
980 1000 1009 1030 in

172 1043 333 1074 Platonem
349 1050 379 1074 et
395 1043 425 1074 in
441 1043 595 1085 theologia
615 1043 706 1074 latius
724 1043 929 1086 disputamus,
945 1043 1010 1073 hzec

170 1087 303 1118 breviter
318 1086 454 1128 attigisse
470 1087 609 1117 sufficiat.
648 1088 723 1117 Post
738 1087 803 1118 ha=c
819 1095 920 1118 autem
938 1098 1009 1117 con-

171 1130 253 1160 futat
278 1141 338 1168 005,
364 1130 418 1171 (101
440 1129 545 1160 divina
570 1130 649 1160 inter
675 1142 705 1160 50
732 1130 938 1171 distinguunt,
964 1129 1010 1160 vel

173 1173 317 1214 quoniam
341 1173 399 1203 alia
422 1173 481 1203 siut
501 1173 530 1203 in
555 1173 701 1215 potentia,
718 1173 776 1203 alia
799 1173 857 1203 sint
878 1173 907 1203 in
929 1179 1011 1204 actu.

174 1215 259 1246 Nihil
275 1215 355 1246 enim
376 1216 406 1245 in
427 1216 548 1246 aeternis
570 1224 615 1246 est
636 1216 666 1246 iu
689 1216 844 1258 potentia:
871 1216 917 1246 vel
934 1228 1011 1257 quo-

173 1259 253 1289 niam
270 1258 441 1289 intellectus
464 1259 541 1289 alius
555 1259 681 1300 quidem
704 1267 836 1297 maneat,
851 1259 928 1290 alius
951 1271 1014 1289 mo-

175 1308 293 1332 veatur.
320 1302 391 1332 Non
407 1301 486 1332 enim
504 1301 658 1332 intellectu
675 1308 720 1332 est
735 1310 836 1333 motus
853 1302 944 1340 ullus,
961 1302 1013 1332 scd

173 1345 291 1386 primus
305 1344 335 1374 111
351 1344 452 1375 anima
468 1352 578 1375 motus.
611 1345 665 1375 Vel
681 1345 825 1387 quoniam
843 1345 1014 1376 intellectus

174 1388 223 1418 hic
237 1387 363 1429 quidem
385 1388 585 1418 substantiam
602 1388 757 1430 quandam
774 1388 934 1430 intelligat,
951 1388 1013 1418 sive

175 1442 272 1469 suam,
297 1430 358 1461 sive
381 1431 472 1461 etiam
498 1431 636 1461 alienam.
684 1431 742 1461 Ille
766 1443 838 1462 vero
863 1431 1013 1462 actionem

174 1474 326 1504 duntaxat
340 1473 465 1504 alterius
481 1474 662 1510 intellectus,
678 1486 771 1515 quam
787 1474 863 1505 alter
882 1474 941 1512 1110,
962 1486 1013 1505 cu-

170 1517 224 1559 jus
239 1524 284 1547 est
299 1517 388 1554 aetio,
404 1528 464 1547 non
480 1516 641 1558 intelligat.
669 1517 834 1548 Distinctio
849 1529 920 1548 sane
935 1517 1014 1559 ejus-

174 1559 299 1590 modiin
315 1559 486 1590 animarum
503 1567 614 1590 natura
629 1572 688 1590 non
702 1560 812 1590 dividit
828 1560 1014 1591 substantias

173 1603 353 1633 animarum.
401 1602 558 1644 Siquidem
583 1603 702 1633 animus
725 1603 818 1641 idem,
835 1604 889 1645 qui
905 1603 952 1633 vel
971 1615 1012 1640 sc,

175 1646 223 1676 vel
240 1645 324 1676 aliud
340 1646 471 1687 quodvis
487 1645 639 1687 iutelligit,
656 1658 736 1688 saepe
759 1658 789 1677 se
810 1646 951 1687 intelligit
970 1646 1014 1676 in-

175 1688 321 1731 telligere.
368 1690 455 1730 Ergo
477 1696 507 1719 et
530 1689 628 1720 multo
648 1690 749 1719 minus
771 1689 813 1720 ita
836 1689 1014 1720 substantiae

176 1731 322 1762 mentium
340 1731 541 1762 dividuntur:
567 1739 597 1762 et
620 1732 719 1763 multo
734 1732 831 1774 magis
854 1744 938 1763 mens
961 1744 1013 1763 ea-

176 1774 245 1805 dem
262 1782 428 1816 utrumque
444 1775 567 1817 explere
583 1782 691 1817 potest.
733 1777 806 1805 Jam
823 1787 895 1806 vero
910 1787 1015 1806 concc-

177 1817 278 1848 dimus
300 1818 401 1859 ipsutn
424 1818 600 1860 simpliciter
616 1817 784 1859 intelligere
804 1819 920 1849 ratione
936 1831 1012 1860 qua-

178 1860 248 1891 dam
259 1860 298 1891 ab
312 1861 377 1902 ipsa
389 1861 596 1903 intelligentiae
608 1858 869 1892 animadversione
881 1862 1012 1892 differre.

179 1904 258 1933 Nam
274 1903 349 1934 illud
366 1903 490 1945 quidem
510 1904 600 1935 habet
617 1904 775 1935 essentiam
800 1905 933 1946 aliquam
959 1917 1015 1947 pro

179 1946 314 1986 objecto:
339 1946 404 1977 haec
425 1954 527 1977 autem
543 1959 599 1989 pro
613 1947 734 1989 objecto
756 1948 905 1978 actionem
929 1960 1013 1990 spec-

180 1997 244 2019 tare
254 1988 388 2036 ¹vid-etur.
434 1990 478 2020 Et
492 1990 522 2020 in
541 1990 628 2020 nobis
649 2002 709 2020 non
731 2002 860 2032 semper,
876 1991 929 2033 qui
945 2003 1015 2033 cog-

181 2039 288 2069 noscit,
304 2043 328 2061 is
342 2032 477 2073 agnoscit
492 2033 581 2063 etiam
604 2045 634 2063 se
655 2045 845 2074 cognoscere.
894 2035 1013 2064 Verun-

182 2083 281 2104 tamen
298 2085 382 2104 1110115
396 2075 540 2116 quaelibet
557 2087 574 2106 a
586 2076 719 2118 corporis
734 2077 915 2108 commercio
930 2089 1014 2119 sepa-

181 2124 246 2147 rata
257 2116 333 2147 adeo
345 2117 484 2159 intelligit
496 2119 648 2160 expedite,
662 2126 696 2150 ut
708 2126 860 2161 quatenus
872 2120 1015 2162 intelligit

181 2159 308 2201 aliquid,
325 2167 449 2190 eatenus
469 2160 636 2203 intelligere
658 2174 689 2192 se
710 2173 835 2203 prorsus
857 2171 1011 2205 agnoscat.

184 2202 357 2233 l‘rzesertim
373 2214 442 2233 cum
459 2215 494 2233 ea
509 2203 550 2234 ibi
566 2204 604 2234 sit
620 2204 807 2246 intelligendi
822 2206 966 2243 conditio,
980 2214 1015 2237 ut

181 2257 265 2276 mens
287 2245 325 2275 ad
347 2245 575 2285 intelligendum
599 2259 684 2277 suani
708 2255 822 2289 spectet
844 2249 1014 2280 essentiam.

184 2289 215 2319 Si
231 2288 310 2318 enim
329 2287 370 2318 ibi
387 2289 520 2329 perfecta
539 2289 737 2331 intelligentia
756 2298 811 2328 est,
826 2291 1017 2333 intelligibile

183 2331 274 2361 habet
302 2330 442 2361 intimum
472 2339 565 2372 atque
593 2332 804 2371 certissimum,
831 2334 1016 2376 minimeque

182 2374 344 2416 dependet.
392 2374 442 2404 Ita
460 2385 531 2404 vero
554 2375 587 2404 fit
609 2375 751 2413 maxime,
773 2376 795 2406 si
819 2388 875 2418 pro
897 2377 1017 2417 objecto

183 2429 267 2448 suam
286 2424 400 2458 spectet
415 2416 584 2447 essentiam.
630 2418 714 2448 Dum
731 2430 803 2448 vero
818 2430 903 2449 suam
919 2412 1016 2450 055011-

184 2460 255 2491 tiam
274 2460 421 2497 intuetur,
437 2459 466 2489 111
484 2471 538 2489 suo
553 2471 616 2490 0550
631 2459 838 2498 intellectuali,
855 2469 884 2492 et
899 2462 929 2492 in
945 2469 1015 2493 actu

184 2502 391 2543 intelligentia*
408 2510 557 2544 perpetuo
572 2502 712 2544 positam,
729 2504 893 2545 cognoscit,
909 2516 939 2535 se
953 2517 1016 2535 esse

183 2545 342 2576 essentiam
360 2545 592 2575 intellectualem
607 2557 641 2575 ac
657 2557 776 2587 semper
788 2546 1014 2587 intelligentem.

185 2590 344 2626 Quatenus
366 2588 459 2629 igitur
475 2587 615 2629 intelligit
632 2600 674 2625 50,
691 2596 815 2619 eatenus
831 2601 861 2619 se
877 2589 1017 2632 intelligit

183 2631 360 2673 intelligere.
394 2630 553 2665 l‘raeeinue
569 2631 723 2672 quoniam,
739 2631 816 2662 sicut
831 2632 910 2662 idem
927 2640 970 2664 est
987 2633 1016 2664 111

1808 139 1888 176 349

1052 222 1119 252 lucc
1142 221 1254 258 lucere,
1270 219 1356 262 quod
1372 226 1402 250 01
1422 232 1497 257 0550,
1513 220 1553 250 sic
1574 220 1654 250 idem
1670 220 1699 250 in
1716 220 1780 262 ipso
1796 221 1886 252 intel-

1052 264 1132 295 lectu
1151 275 1224 301 esse,
1239 263 1324 304 quod
1345 261 1522 303 intelligere.
1570 263 1656 292 Dum
1678 274 1750 303 ergo
1773 276 1803 294 se
1825 276 1888 295 esse

1051 306 1217 348 cognoscit,
1238 305 1328 336 etiam
1352 304 1522 346 intelligere
1544 316 1574 334 se
1597 316 1721 346 prorsus
1744 307 1887 346 agnoscit.

1052 351 1153 387 Quam
1168 349 1208 379 ob
1224 360 1287 379 rem
1304 347 1476 378 intellectus
1491 347 1622 389 quilibet
1637 347 1796 378 absolutus
1812 349 1889 380 sicut

1052 404 1172 435 semper
1187 391 1339 433 intelligit,
1356 391 1398 421 ita
1413 390 1497 432 quod
1515 389 1675 431 intelligat,
1692 389 1756 431 ipsc
1772 402 1889 432 semper

1051 435 1287 466 animadvertit:
1312 434 1480 476 praesertim
1497 444 1566 464 011111
1589 432 1673 463 nulla
1694 433 1826 463 exterior
1840 446 1889 464 oc-

1052 478 1176 521 cupatio
1191 478 1293 521 ipsum
1309 477 1348 508 ab
1364 477 1429 519 ipsa
1444 476 1488 507 sui
1505 475 1767 507 animadversione
1789 476 1888 506 diver-

1054 530 1106 553 tat.
1154 523 1213 552 Est
1235 529 1338 552 autem
1362 520 1422 551 illic
1446 527 1532 550 actus
1555 519 1634 550 idem
1661 518 1887 560 intelligentiae:

1051 577 1115 607 quo
1136 573 1166 595 01
1189 564 1365 606 simpliciter
1385 563 1527 604 intelligit
1548 562 1675 604 aliquid,
1693 570 1722 592 et
1738 574 1800 603 quo
1814 562 1891 592 illud

1052 622 1082 639 se
1109 608 1278 649 intelligere
1304 618 1423 649 semper
1448 606 1595 648 agnoscit.
1643 605 1674 635 Si
1700 605 1779 635 enim
1806 614 1892 636 actus

1052 651 1202 694 ejusmodi
1224 651 1266 681 ibi
1290 650 1471 692 distinguas,
1488 649 1553 691 jam
1575 648 1712 679 dicemus
1735 656 1765 679 et
1787 656 1890 679 actum

1054 695 1177 725 tertium
1202 694 1339 724 similiter
1354 701 1384 724 et
1400 700 1557 735 quartum,
1572 700 1602 722 01
1618 691 1733 722 infinite
1749 691 1894 734 deinceps

1053 738 1094 768 ibi
1110 737 1274 778 distingui:
1300 744 1453 779 quatenus
1468 747 1523 778 per
1538 742 1713 777 sequentem
1730 742 1832 765 actum
1850 734 1893 764 in-

1053 781 1282 812 numerabiliter
1309 779 1477 821 intelligere
1501 778 1629 820 fingitur
1655 777 1891 820 praecedentem.

1054 825 1149 855 Nefas
1164 831 1266 855 autem
1284 822 1457 865 philosophi
1473 829 1584 864 putant
1600 821 1734 851 infinitos
1748 828 1846 858 actus,
1862 828 1892 852 et

1053 868 1108 898 hos
1124 867 1248 909 quidem
1270 866 1441 909 superfluos
1457 865 1516 896 11110
1532 865 1561 895 111
1578 864 1741 906 praesentia
1761 875 1890 905 ponere:

1053 911 1208 953 praecipue
1224 910 1247 940 si
1260 922 1314 952 per
1326 910 1392 940 illos
1407 909 1533 939 infinitae
1545 908 1605 938 illic
1621 907 1800 938 substantiae
1816 907 1894 937 mul-

1054 954 1182 996 tiplicari
1199 953 1349 984 dicantur.
1398 953 1485 983 Inter
1501 952 1565 982 haec
1587 951 1651 993 ipse
1674 950 1804 987 notabis,
1822 950 1893 981 Plo-

1054 997 1152 1028 tinum
1166 997 1195 1027 111
1209 997 1364 1027 0100111105
1378 995 1476 1026 beatis
1490 993 1783 1025 animadversionem
1796 1005 1895 1024 essen-

1055 1040 1105 1071 tia¹
1117 1040 1305 1081 actionisque
1317 1051 1380 1070 sua*
1392 1045 1572 1080 perpetuam
1584 1048 1710 1079 ponere:
1724 1036 1894 1078 eodemque

1055 1092 1124 1114 actu
1142 1092 1170 1115 et
1186 1082 1417 1124 intelligentiam
1434 1089 1461 1112 et
1479 1081 1664 1123 agnitionem
1685 1079 1894 1121 intelligentiae

1055 1127 1255 1168 essentiaeque
1278 1125 1401 1168 expleri.
1449 1124 1540 1162 Quod
1564 1123 1659 1154 sicubi
1683 1123 1806 1161 dixerit,
1827 1122 1895 1153 sim-

1056 1170 1164 1212 plicem
1195 1169 1294 1211 ipsum
1327 1168 1522 1211 primumque
1551 1166 1759 1208 intelligentiae
1792 1173 1894 1196 actum

1055 1213 1317 1243 animadversione
1330 1211 1457 1242 distrahi
1469 1223 1475 1241 :
1500 1221 1630 1252 expone,
1644 1209 1755 1240 scilicet
1770 1209 1895 1250 quando

1056 1256 1279 1287 animadversio
1305 1263 1349 1285 est
1376 1254 1454 1285 actio
1481 1265 1512 1284 re
1540 1253 1604 1294 ipsa
1630 1253 1669 1282 ab
1695 1252 1896 1293 intelligentia

1057 1300 1209 1336 differens,
1227 1306 1257 1329 et
1279 1298 1404 1340 quando
1426 1298 1461 1327 fit
1483 1295 1705 1327 animadversio
1728 1295 1895 1326 ministerio

1057 1342 1191 1384 quodam
1208 1340 1442 1383 imaginationis,
1458 1340 1497 1370 ab
1513 1339 1668 1370 intellectu
1690 1338 1817 1369 nimium
1833 1338 1895 1368 dif-

1057 1385 1191 1423 ferentis,
1218 1391 1311 1426 atque
1341 1384 1381 1414 ad
1410 1383 1508 1414 aliena
1536 1382 1656 1412 10101101
1687 1381 1894 1412 distrahentis.

1058 1428 1185 1459 Refcllit
1207 1427 1348 1464 subinde,
1365 1426 1449 1469 quod
1473 1426 1577 1456 aiunt:
1603 1425 1681 1456 inter
1696 1425 1791 1467 ipsam
1813 1436 1895 1455 men-

1058 1479 1118 1502 tem
1149 1479 1242 1513 atque
1271 1470 1400 1501 animam
1432 1481 1495 1500 esse
1527 1468 1657 1498 mediam
1693 1468 1893 1498 substantiam

1057 1515 1226 1557 quandam,
1250 1525 1341 1556 quam
1368 1513 1514 1544 rationem
1541 1511 1666 1553 quidem
1690 1511 1785 1552 ipsam
1809 1510 1895 1541 10101-

1058 1558 1216 1589 lectualem
1233 1556 1405 1599 appellant:
1427 1556 1558 1586 animam
1576 1566 1647 1584 vcro
1663 1553 1769 1585 dicunt
1785 1554 1823 1584 ab
1839 1553 1895 1584 hac

1058 1601 1209 1642 suscipere
1224 1600 1381 1631 rationem.
1417 1598 1465 1629 Sic
1481 1598 1560 1628 enim
1577 1597 1678 1628 anima
1693 1596 1778 1627 nulla
1792 1608 1895 1627 veram

1058 1644 1183 1674 habebit
1205 1642 1435 1683 intelligentiam
1463 1649 1556 1683 atquc
1578 1648 1770 1682 perpetuam.
1816 1641 1896 1670 Vera

1058 1699 1191 1729 namque
1213 1683 1426 1728 perpetuaque
1448 1684 1647 1726 intelligentia
1661 1690 1705 1713 cst
1721 1683 1767 1713 vel
1784 1683 1813 1713 in
1831 1682 1896 1725 ipsa

1058 1738 1170 1768 mente,
1187 1729 1233 1760 vel
1250 1729 1280 1760 in
1296 1741 1342 1766 eo,
1358 1728 1443 1770 quod
1459 1727 1598 1770 proxime
1620 1726 1729 1757 mentis
1744 1733 1788 1757 est
1803 1726 1896 1768 parti-

1057 1785 1137 1815 ceps.
1170 1773 1286 1804 Anima
1300 1784 1373 1803 vero
1388 1784 1424 1802 ex
1441 1782 1546 1802 eorum
1563 1769 1705 1811 opinione
1720 1781 1780 1799 non
1798 1769 1896 1811 primo

1057 1816 1182 1858 quidem
1209 1815 1320 1858 gradu,
1345 1815 1397 1846 sed
1425 1814 1558 1845 secundo
1583 1812 1790 1854 intelligentiae
1816 1823 1894 1842 nou-

1058 1859 1133 1889 nihil
1155 1859 1315 1901 acciperet,
1333 1866 1363 1889 et
1386 1857 1549 1899 imaginem
1570 1856 1650 1886 illius
1672 1855 1785 1898 potius,
1802 1866 1895 1896 quam

1058 1910 1210 1933 naturam.
1255 1903 1364 1944 Atque
1390 1901 1431 1931 ita
1457 1912 1557 1941 neque
1583 1911 1614 1930 se
1638 1899 1733 1941 ipsam
1761 1898 1896 1929 animad-

1060 1953 1166 1982 vertet,
1191 1945 1275 1987 quod
1298 1953 1343 1975 est
1365 1952 1484 1974 natura*
1506 1942 1719 1973 intellectualis
1741 1941 1893 1972 officium:

1059 2000 1158 2030 neque
1174 1988 1345 2019 intellectus
1360 1987 1489 2028 alicujus
1506 1985 1706 2016 substantiam
1723 1984 1896 2026 excogitare

1058 2032 1169 2073 poterit
1190 2044 1207 2062 a
1222 2031 1339 2062 naturis
1362 2030 1560 2071 sequentibus
1582 2028 1770 2059 absolutam:
1796 2039 1896 2069 neque

1058 2075 1099 2105 rei
1112 2075 1295 2117 cujusquam
1308 2073 1465 2104 formalem
1478 2071 1736 2114 comprehendere
1750 2071 1895 2102 rationem

1058 2125 1112 2148 aut
1126 2118 1333 2148 definitionem
1351 2116 1447 2158 ipsius
1462 2115 1597 2146 veritatis
1611 2114 1764 2157 amplecti.
1806 2113 1896 2145 Talia

1057 2161 1137 2191 enim
1153 2162 1191 2192 ad
1208 2168 1340 2191 mentem
1356 2159 1478 2202 proprie
1492 2158 1654 2201 pertinent.

1062 2249 1239 2276 Prariduntioe
1260 2248 1330 2274 morli
1345 2248 1449 2278 diversi,
1464 2247 1564 2273 scilicet
1586 2247 1613 2272 in
1633 2245 1771 2281 principiis
1793 2244 1895 2270 tribus.-

1102 2290 1209 2316 Deimle
1227 2290 1251 2315 in
1271 2289 1354 2315 stellis
1365 2299 1374 2314 .·
1401 2288 1490 2314 Tertio
1506 2288 1531 2313 in
1546 2286 1724 2313 daemonibus:
1750 2285 1854 2316 Quarto
1870 2285 1895 2310 in

1101 2330 1256 2357 hominibus.

1103 2377 1149 2407 II.
1177 2377 1214 2406 In
1231 2375 1365 2406 seeundo
1377 2374 1471 2416 igitur
1482 2373 1580 2416 capite
1591 2372 1706 2414 colligit
1722 2372 1779 2403 tria
1794 2383 1895 2402 rerum

1060 2419 1224 2462 principia:
1250 2419 1349 2461 ipsum
1376 2417 1487 2448 scilicet
1510 2417 1637 2451 bonum,
1658 2414 1688 2447 et
1710 2417 1776 2457 ejus
1799 2415 1895 2446 filium

1060 2462 1246 2494 intellectum
1263 2473 1300 2492 ex
1313 2468 1440 2503 paterna
1456 2460 1522 2491 luce
1537 2459 1660 2490 luminis
1676 2470 1759 2489 more
1775 2469 1897 2488 manan-

1060 2513 1119 2536 tem
1133 2518 1138 2535 :
1163 2513 1256 2547 atque
1271 2505 1395 2546 insuper
1411 2503 1518 2534 mundi
1538 2503 1669 2533 animam
1686 2514 1722 2532 ex
1740 2501 1894 2531 intellectu

1060 2549 1174 2585 (livino,
1201 2548 1283 2578 velut
1311 2547 1451 2589 spiritum
1475 2558 1530 2588 per
1554 2546 1655 2576 omnia
1681 2544 1894 2586 profluentem,

1061 2591 1112 2621 sed
1137 2602 1172 2621 ea
1197 2590 1371 2621 conditione
1394 2589 1588 2620 inferioribus
1616 2587 1836 2628 providentem,
1861 2592 1895 2614 ut

1061 2633 1180 2665 interim
1196 2645 1214 2663 a
1226 2633 1336 2663 divinis
1351 2632 1436 2663 nulla
1451 2644 1488 2662 ex
1504 2639 1591 2673 parte
1605 2630 1747 2661 declinet:
1766 2628 1817 2659 sed
1833 2638 1896 2661 uuo
