2201 2990
227 139 339 170 cxxviii

765 139 1139 170 ANNOTATIONES
1164 138 1214 169 IN
1239 139 1437 170 PLOTINI

231 223 415 265 corruptelae
430 223 609 255 manifestus
624 224 659 254 fit
671 223 720 254 hic
735 223 829 261 locus,
843 232 873 255 et
884 225 937 267 qui
953 231 1075 267 reputet
1092 225 1118 253 A
1136 232 1207 256 sunt
1230 224 1261 255 in
1289 224 1430 255 Lexicis:
1469 225 1631 267 Lycurgus
1657 224 1728 256 adv.
1754 226 1896 258 Leocrat.
1920 227 1978 258 VI.

232 275 443 317 Porphyrium
466 275 515 306 hic
537 275 761 317 propemodum
782 276 821 306 ad
841 277 969 307 verbum
992 288 1077 318 repe-

233 335 296 358 tere
318 339 363 363 ea,
380 339 451 369 quae
468 327 627 369 Longinus
650 327 806 369 superiore
828 328 928 370 capite
948 328 987 358 de
1004 328 1075 358 Plo-

234 378 299 409 tino
326 378 508 420 Amelioque
530 378 767 420 pronuntiarat?
795 378 877 416 Quid
901 387 1003 409 autem
1028 378 1077 409 ille

233 429 275 459 ibi
294 429 333 460 de
350 429 496 460 Plotino?
520 428 669 459 Videlicet
690 430 705 458 ὁ
725 430 779 467 μὲν
795 431 846 460 τὰς
861 430 1079 469 Πυθαγορείους

234 481 327 521 ἀρχᾶς
348 481 394 511 καὶ
409 481 602 511 Πλατωνικᾶς
620 480 657 511 ὡς
676 480 778 516 ἐδόκει,
795 479 866 518 πρὸς
887 480 1079 519 σαφεστέραν

993 531 1078 568 Quo-

234 535 292 562 τῶν
318 532 374 571 πρὸ
402 532 490 562 αὐτοῦ
516 530 772 568 καταστησάμενος
799 529 946 569 ἐξήγησιν.

1135 288 1165 318 p.
1189 287 1220 317 5.
1244 288 1287 318 sq.
1318 275 1368 306 ed.
1393 275 1505 306 Coraii.
1554 275 1754 308 Dicaearchus
1782 289 1832 319 ap.
1859 278 1978 310 Athen.

1138 328 1245 358 XIII.
1264 339 1294 369 p.
1307 337 1378 368 594.
1393 326 1414 357 f.
1430 338 1460 368 p.
1476 336 1544 367 151.
1563 326 1705 369 Schwgh.
1722 339 1792 358 cum
1810 329 1882 360 Var.
1895 330 1978 361 Lect.

1138 387 1168 409 et
1193 378 1380 409 Animadvv.
1428 377 1560 408 Himerii
1583 379 1671 408 Orat.
1689 379 1789 409 VIII.
1805 389 1836 418 4.
1860 391 1890 422 p.
1905 380 1980 421 548.

1143 430 1298 461 VVernsdf.
1324 438 1355 461 et
1379 430 1444 472 ipse
1470 436 1572 460 noster
1597 429 1787 472 Porphyrius
1812 430 1850 461 de
1877 433 1982 463 Antro

1139 482 1279 524 Nympli.
1300 482 1367 512 III.
1385 493 1415 523 p.
1432 491 1462 520 4.
1488 481 1525 512 ὡς
1540 480 1576 511 ἂν
1596 480 1706 521 σχεδὸν
1724 481 1842 512 πάντων
1861 484 1920 513 τῶν
1940 483 1979 514 ἱε-

1139 535 1292 572 ρῶν-τὰς
1312 534 1441 564 εἰσόδους
1463 531 1590 572 ἐχόντων
1604 531 1676 570 πρὸς
1696 533 1842 565 ἀνατολὰς
1859 546 1981 573 τετραμ-

234 582 313 613 cirea
328 582 470 624 equidem
487 592 593 611 verum
607 580 716 610 vidisse
733 580 871 610 Tollium
888 581 1076 612 existimem:
1098 586 1121 613 B
1139 583 1239 622 μένας·
1256 586 1313 614 τῶν
1329 585 1360 614 δὲ
1378 582 1528 614 εἰσιόντων
1543 582 1615 622 πρὸς
1627 583 1711 613 δύσιν
1724 584 1911 623 ἀφορώντων.
1928 584 1983 615 ubi

235 634 265 664 in
283 641 370 664 textu
387 640 488 663 tamen
505 631 719 662 constituendo
742 630 891 661 librorum
914 632 1078 662 auctorita-

236 692 296 716 tem
321 692 444 714 secutus
467 694 553 718 sum;
580 682 662 713 unde
685 682 783 723 recepi
807 683 941 713 τάκείνου
961 690 991 713 et
1013 684 1078 713 ἑλο-

235 736 334 774 μένου.
382 735 461 764 Mox
483 735 529 764 καὶ
545 734 610 764 οὐδὲ
628 733 714 773 ἐγγὺς
731 733 805 763 εἶναι
819 735 855 763 τὰ
871 735 1080 772 Νουμηνίου-

236 789 295 818 τοῖς
305 786 461 816 Πλωτίνου
473 785 538 824 περὶ
550 787 607 815 τῶν
620 784 714 814 αὐτῶν
726 783 961 823 συγγράμμασιν.
986 783 1081 816 Quod

237 837 266 867 h.
285 836 304 866 l.
322 836 447 878 plurimi
463 835 531 866 libri
547 836 680 865 offerunt
697 835 932 874 συγγραμμάτων
949 835 1082 876 recipere

236 887 401 924 noluimus,
425 887 508 929 quia,
535 886 586 917 ubi
613 897 694 916 unus
717 885 860 916 librarius
883 885 1083 927 praecedentis

237 939 377 970 vocabuli
395 938 606 969 terminatione
622 938 769 978 deceptus
789 945 954 971 erraverat.
972 937 1081 978 reliqui
1101 945 1124 973 C

237 1002 268 1020 se
291 990 317 1020 ei
341 1002 376 1020 co
399 989 550 1031 promtius
572 989 793 1031 aggregabant,
810 1000 873 1030 quo
893 988 1081 1019 usitatiorem

237 1041 318 1071 vocis
335 1041 420 1080 ἐγγὺς
437 1040 644 1082 similiumque
659 1040 916 1070 constructionem
933 1051 1002 1070 cum
1021 1041 1083 1070 Ge-

237 1092 333 1123 nitivo
362 1099 520 1122 noverant.
569 1092 606 1121 In
637 1091 704 1121 loco
729 1091 808 1121 enim
836 1091 959 1131 gemino
991 1102 1083 1133 supra

240 1155 307 1185 cap.
326 1144 410 1173 XX.
435 1154 466 1185 p.
486 1153 554 1184 130.
572 1143 628 1173 sub
644 1143 695 1173 fin.
720 1142 758 1173 ad
779 1153 874 1172 unum
895 1154 1000 1173 ornnes·
1017 1144 1082 1173 Da-

239 1194 336 1225 tivnm
361 1200 543 1235 agnoscunt,
560 1202 590 1225 et
608 1193 670 1224 vid.
689 1193 807 1224 Matth.
826 1194 883 1224 Gr.
899 1205 944 1235 gr.
963 1196 991 1235 ξ.
1008 1196 1081 1235 386.

240 1247 269 1275 6.
286 1257 316 1287 p.
331 1248 401 1285 708.
435 1246 487 1276 Cr.

284 1308 314 1338 p.
333 1296 428 1327 lxxiv.
446 1296 471 1327 b.
498 1298 541 1327 ὅτι
558 1299 606 1335 τῆς
622 1296 644 1327 τ’
661 1296 802 1335 Ἀμελίου
821 1296 875 1335 (ita
894 1296 999 1339 scripsi
1014 1308 1084 1327 cum
1103 1308 1129 1335 D

239 1349 321 1379 bono
344 1348 421 1379 libro
443 1360 500 1390 pro
520 1349 753 1388 Ἀμελίου)-τὺ
777 1350 1085 1389 ἀᾲηλόσοψον-ἐφυ-

239 1400 383 1439 λαξάμην,
413 1401 458 1430 καὶ
487 1400 558 1439 πρὸς
584 1402 674 1438 ζῆλον
700 1400 751 1430 τὸν
779 1401 935 1430 Πλωτίνου
964 1400 1087 1439 γράφων

241 1452 363 1493 ἑώρωι-.]
392 1452 541 1482 Extrema
564 1451 605 1481 ita
629 1459 700 1481 sunt
723 1451 898 1481 reddenda:
927 1456 954 1481 ct
980 1462 1024 1481 me
1046 1452 1087 1481 (nl

242 1503 359 1533 Plotini
377 1504 578 1533 imitationem
600 1502 803 1544 (docendique
826 1505 936 1543 genus)
956 1503 986 1532 1⁴71
1010 1503 1088 1532 scri-

241 1554 336 1584 bendo
352 1558 513 1595 spreta-sse.
552 1553 716 1584 Videamus
733 1554 771 1584 de
794 1554 931 1593 singulis.
975 1554 1085 1594 lmngi-

242 1616 300 1635 nus
315 1616 341 1635 c.
359 1605 444 1635 XX.
460 1605 631 1646 scripserat,
648 1605 731 1646 quod
751 1605 940 1647 Porphyrius
957 1605 987 1636 h.
1005 1606 1022 1635 l.
1040 1617 1086 1636 re-

241 1655 335 1698 petit:
362 1656 508 1688 Βασιλεὺς
534 1655 564 1695 (i.
579 1668 604 1686 e.
623 1657 806 1696 Πορφύριος)
831 1658 882 1687 οὐκ
904 1658 993 1696 ὀλίγα
1016 1659 1088 1688 κατὰ
1106 1664 1130 1691 Ε

241 1707 294 1745 τὴν
311 1709 465 1738 Πλωτίνου
486 1709 607 1746 μίμησιν
630 1708 799 1746 συνέθηκεν.
839 1709 911 1738 Jatn
936 1712 1022 1747 ζῆλος
1044 1717 1089 1739 est

241 1759 369 1797 μίμησις.
410 1758 479 1788 Υἰά.
497 1759 639 1789 Ammon.
665 1770 695 1801 p.
713 1761 763 1798 64.
784 1759 927 1790 Valcken.
950 1764 1035 1798 ζῆλος
1058 1761 1089 1791 δὲ

243 1810 362 1848 μίμησις
392 1812 491 1840 καλοῦ.
547 1810 665 1840 Moeris
695 1822 725 1852 p.
756 1812 823 1842 168.
850 1811 925 1853 ibiq.
956 1811 1088 1842 l'ierson.

243 1860 379 1891 Thomas
397 1862 486 1903 Mag.
503 1873 533 1903 p.
548 1864 627 1900 406:
654 1862 733 1892 Inde
749 1862 843 1893 altera
859 1863 992 1893 nascitur
1008 1863 1090 1893 vocis

243 1912 434 1953 significatio,
458 1922 491 1943 ut
514 1913 634 1943 dicendi
661 1925 759 1955 genus
781 1913 931 1954 designet.
979 1914 1090 1944 Strabo

246 1965 341 1994 XIV.
359 1975 408 2002 41.
428 1976 458 2006 p.
471 1973 544 2006 572.
560 1965 685 1995 Tmen:
710 1964 857 2004 ἹΙγησίος
873 1966 903 1995 δὲ
920 1967 935 1995 ὁ
951 1966 1044 2005 ῥήτωρ
1061 1965 1092 1997 ὃς

1140 647 1177 665 ex
1207 635 1355 677 appositis
1383 635 1429 665 vis
1456 634 1538 665 vocis
1566 633 1759 676 intelligitur.

1142 686 1268 716 Goensii
1286 686 1472 716 Animadvv.
1489 698 1519 728 p.
1538 686 1589 726 87.
1623 686 1678 716 Cr.

1805 635 1857 666 Cf.
1881 643 1984 667 tamen

1184 748 1214 778 p.
1231 736 1327 767 lxxiv.
1345 743 1367 768 C.
1395 738 1442 772 ὡς,
1463 739 1489 768 εἰ
1509 736 1713 775 καὶ-συνέβη
1737 739 1891 775 δυνηθῆναι
1910 751 1982 777 συμ-

1142 788 1221 825 μίξαι
1237 788 1337 829 αὐτῷ,]
1363 792 1383 806 “
1396 789 1553 830 Interpres
1568 787 1681 818 rectius
1696 787 1769 829 legit
1783 800 1789 818 ε
1810 788 1842 820 ὃς
1853 788 1905 819 εἶ.”
1922 789 1987 820 Fa-

1143 839 1217 868 bric.
1251 842 1272 856 “
1286 839 1334 876 ὡς,
1351 841 1377 869 εἶ
1399 840 1573 881 Kal—Lege
1596 839 1628 871 ὃς
1652 846 1685 869 ut
1707 839 1862 881 Interpr.”
1890 840 1985 883 Wytt.

1145 889 1193 919 De
1218 888 1325 919 Ficino
1347 897 1428 920 certe
1450 901 1510 920 non
1535 889 1759 932 spoponderim.

1143 940 1220 970 liber
1238 941 1311 970 MS.
1334 940 1530 982 suffragatur.

1815 889 1881 921 Nec
1905 890 1987 922 ullus

1578 940 1768 971 Crediderim
1792 941 1883 971 etiam
1909 943 1986 973 Por-

1145 991 1288 1033 phyrium
1312 999 1385 1022 tunc
1406 991 1575 1032 scripsisse:
1599 992 1665 1031 περὶ
1681 993 1837 1023 Πλωτίνου
1852 993 1985 1033 γράφων,

1144 1054 1182 1072 ne
1197 1042 1228 1074 ὃς
1243 1042 1281 1072 ad
1299 1041 1457 1072 Plotinum
1474 1042 1648 1073 referretur.
1695 1043 1847 1080 Quocirca
1862 1045 1899 1077 ὡς
1915 1044 1986 1076 reti-

1145 1093 1209 1131 nui,
1232 1101 1273 1131 et,
1298 1105 1361 1134 quo
1384 1092 1592 1135 intelligentia}
1616 1094 1816 1131 consulerem,
1835 1095 1987 1137 virgulam

1144 1145 1251 1186 adjeci.
1298 1144 1350 1175 Ad
1373 1145 1638 1175 Constructionem
1662 1145 1774 1176 adhibe
1796 1147 1912 1177 Matth.
1930 1147 1986 1178 Gr.

1144 1208 1190 1238 gr.
1219 1197 1247 1236 ξ.
1264 1206 1338 1236 519.
1366 1208 1396 1237 p.
1418 1204 1490 1237 997.
1540 1197 1620 1226 Mox
1649 1207 1720 1226 vero
1747 1197 1814 1227 Fic.
1840 1198 1989 1240 expressit

1146 1250 1310 1286 δυνηθῆναι,
1328 1246 1412 1288 quod
1429 1259 1466 1277 cx
1483 1246 1579 1289 plurr.
1598 1247 1698 1277 Codd.
1715 1248 1892 1290 recepimus.
1923 1250 1979 1281 Cr.

1190 1310 1221 1340 p.
1239 1298 1335 1328 lxxiv.
1351 1298 1377 1328 (¹.
1401 1298 1500 1329 Ἀλλὰ
1523 1299 1568 1336 τίη
1591 1311 1640 1337 μοι
1662 1301 1751 1329 ταῦτα
1775 1300 1890 1343 κ.τ.λ.]
1917 1301 1989 1332 Dis-

1148 1349 1317 1391 unguenda
1341 1350 1406 1380 haec
1429 1361 1493 1380 csse
1515 1361 1533 1380 a
1555 1349 1628 1380 locis
1645 1350 1818 1381 Homericis
1839 1362 1909 1381 cum
1933 1351 1991 1383 hoc

1148 1401 1214 1431 loco
1231 1401 1308 1432 male
1326 1401 1460 1431 confusis
1475 1401 1563 1432 docet
1582 1401 1725 1443 Heynius
1741 1401 1832 1432 Obss.
1849 1401 1878 1432 in
1898 1402 1991 1434 Iliad.

1147 1466 1177 1492 χ.
1200 1454 1269 1483 126.
1286 1464 1346 1494 sq.:
1373 1457 1393 1470 “
1406 1452 1479 1483 Alio
1494 1452 1587 1482 modo
1602 1452 1801 1494 proverbialis
1817 1452 1930 1484 locutio
1944 1465 1993 1484 ac-

1148 1504 1289 1545 cipienda
1303 1512 1348 1534 est
1363 1504 1447 1546 apud
1465 1503 1638 1534 Hesiodum
1652 1503 1772 1545 Theog.
1783 1513 1834 1545 35.
1849 1505 1993 1547 proprius

1148 1556 1227 1585 sorte
1246 1555 1284 1586 ad
1302 1555 1436 1585 fabulam
1454 1555 1492 1585 de
1507 1562 1576 1585 ortu
1594 1554 1765 1592 hominum,
1782 1567 1834 1585 seu
1851 1555 1890 1586 de
1904 1555 1992 1587 habi-

1149 1606 1263 1637 tatione
1279 1606 1308 1636 iu
1325 1607 1406 1637 cavis
1421 1606 1565 1637 arborum
1582 1613 1612 1636 et
1627 1606 1780 1647 rupiutn.”
1805 1607 1861 1637 Cr.

1193 1670 1222 1700 p.
1240 1658 1335 1689 lxxiv.
1353 1664 1376 1689 ὃ.
1400 1658 1465 1688 οἶδα
1485 1657 1507 1688 δ’
1526 1658 1583 1696 ἐγὼ
1599 1659 1722 1696 ψαμμοῦ
1741 1656 1764 1687 τ’
1782 1657 1995 1697 ἀριθμὸν-καὶ

1150 1710 1183 1740 οὐ
1204 1709 1365 1741 λαλέοντος
1388 1709 1507 1749 ἆκούω.]
1534 1709 1604 1738 Non
1631 1707 1764 1749 neglexit
1787 1716 1925 1739 nostrum
1949 1708 1994 1740 lo-

1150 1772 1219 1791 cum
1237 1760 1487 1802 diligentissimus
1501 1758 1725 1800 IVesseliugius
1740 1759 1778 1789 ad
1798 1759 1950 1790 Herodot.
1968 1760 1995 1790 I.

1151 1822 1200 1851 47.
1218 1811 1271 1853 qui
1287 1819 1393 1842 contra
1407 1818 1501 1852 atque
1517 1809 1737 1840 Valckenarius·
1753 1809 1791 1840 ad
1809 1811 1905 1840 Eran.
1923 1810 1997 1842 Phi-

1151 1862 1209 1893 lon.
1227 1874 1257 1904 p.
1275 1873 1341 1903 ¹70·
1359 1862 1440 1892 istud
1458 1863 1490 1892 οὐ
1506 1861 1668 1893 λαλέοντος
1682 1873 1699 1891 e
1715 1861 1995 1892 Grammaticorum

1151 1914 1423 1956 interpretamento
1450 1921 1556 1943 natum
1583 1920 1663 1943 recte
1684 1911 1814 1952 judicat.
1862 1913 1905 1943 Et
1932 1917 1994 1952 φω-

1153 1968 1270 1997 νεῦντος
1294 1965 1431 2006 agnoscit
1456 1963 1623 2006 inscriptio,
1649 1974 1741 2005 quam
1770 1974 1869 2005 nuper
1894 1963 1998 1995 denuo

244 2015 311 2054 ἦρξε
335 2016 463 2057 μάλιστα
488 2019 539 2046 τοῦ
559 2016 701 2046 Ἀσιανοῦ
726 2016 890 2055 λεγομένου
917 2017 1014 2055 ζήλου,
1039 2016 1090 2047 ubi
1112 2026 1133 2053 F
1152 2016 1360 2047 exhibuerunt
1385 2016 1441 2046 viri
1467 2015 1548 2046 docti
1573 2016 1656 2045 Rose
1682 2014 1712 2043 in
1740 2014 1896 2056 Inscriptt.
1921 2015 1995 2046 Grl'.

246 2066 324 2096 male
355 2067 520 2109 Xylander
548 2067 783 2097 adversantibus
813 2067 897 2097 libris
926 2068 1088 2098 omnibus:

247 2118 366 2147 στόλου.
416 2118 574 2148 Plutarch.
593 2120 712 2148 Amon.
736 2130 760 2148 e.
780 2119 827 2149 II.
854 2131 883 2160 p.
899 2129 952 2159 54.
971 2119 1089 2149 Coraii:

248 2169 353 2207 ἐχρῆτο
373 2170 403 2198 δὲ
425 2171 462 2210 τῷ
486 2169 655 2210 καλουμένῳ
670 2169 800 2211 Ἀσιανῷ
817 2169 892 2211 ζήλῳ
908 2172 966 2200 τῶν
981 2171 1089 2209 λόγων.

249 2219 328 2248 Nam
346 2219 428 2260 quod
447 2220 549 2261 plures·
566 2228 721 2251 sectantur
737 2229 766 2251 et
783 2220 952 2257 imitantur,
966 2221 996 2251 id
1013 2221 1090 2251 exis-

247 2269 283 2300 tit
311 2270 453 2311 deinceps
478 2270 599 2300 diceudi
630 2271 843 2312 scribendique
872 2283 979 2313 genus.
1028 2272 1093 2302 Nec

247 2321 377 2363 proinde
400 2321 477 2351 male
502 2322 628 2352 Fieinus·
650 2322 763 2352 Plotini
776 2324 921 2363 sormam
948 2322 1091 2352 reddidit.

1152 2079 1181 2110 p.
1192 2069 1266 2106 416.
1279 2075 1309 2098 et
1323 2067 1458 2098 Boeckh.
1472 2067 1501 2097 in
1516 2067 1653 2107 Corpore
1667 2065 1824 2107 Inscriptt.
1840 2066 1868 2096 1.
1881 2077 1912 2107 p.
1923 2067 1995 2105 416.

1151 2131 1221 2150 cum
1239 2119 1372 2150 Orat-ula
1389 2118 1539 2161 Sibyllina
1556 2118 1652 2147 VIII.
1670 2128 1700 2159 p.
1717 2127 1788 2157 749.
1803 2129 1846 2159 sq.
1879 2117 1951 2148 Gal.
1967 2125 1998 2149 et

1152 2179 1180 2201 ct
1206 2170 1319 2211 Angel.
1339 2170 1416 2200 Mai.
1439 2181 1473 2211 p.
1487 2178 1540 2210 53.
1559 2180 1587 2198 v.
1605 2177 1674 2209 125.
1697 2178 1763 2209 135.
1785 2180 1854 2199 cuin
1872 2168 1999 2211 vulgata

1153 2222 1338 2263 conspirent,
1354 2232 1425 2262 quae
1440 2220 1470 2250 in
1488 2219 1663 2261 Porphyrio
1680 2219 1921 2262 haudquaquam
1938 2220 1997 2251 sol-

1153 2271 1297 2302 licitanda
1313 2279 1342 2302 et
1358 2271 1442 2302 haud
1459 2271 1553 2301 dubie
1569 2271 1640 2301 satis
1655 2271 1782 2312 antiqua
1800 2280 1853 2302 est.
1901 2272 1997 2303 Plura

1154 2323 1296 2353 dedimus
1319 2322 1358 2352 ad
1383 2322 1536 2353 Herodot.
1558 2321 1580 2351 l.
1603 2321 1624 2352 l.
1649 2322 1698 2353 ed.
1723 2323 1824 2353 Baehr.
1849 2331 1880 2354 et
1902 2332 1997 2354 nostr.

249 2373 339 2410 Quod
353 2373 463 2403 deinde
480 2373 583 2414 plures
596 2373 696 2403 Codd.
712 2373 805 2403 nostri
820 2373 932 2403 habeut
949 2375 1091 2412 ἀφεώρων
1110 2377 1137 2404 G
1157 2375 1212 2405 Cr.

249 2435 308 2454 non
327 2424 478 2466 displicet,
494 2432 523 2454 et
545 2423 695 2465 ejusmodi
719 2432 774 2459 est,
792 2431 826 2453 ut
851 2435 910 2453 non
931 2435 948 2453 a
968 2423 1093 2454 librario

248 2475 390 2506 videatur
405 2475 589 2516 profectum.
622 2475 701 2504 Nam
718 2474 774 2504 etsi
790 2474 918 2516 simplex
936 2476 1008 2515 ὁρᾷν
1024 2477 1094 2515 πρός

248 2539 275 2556 τι
290 2526 371 2556 idem
387 2534 443 2563 est,
455 2525 594 2556 videlicet
609 2526 650 2555 ([(Ζ
665 2526 784 2567 aliquid
798 2530 936 2567 spectare
949 2536 981 2556 se
993 2527 1094 2556 accin-

244 2589 333 2621 gere,
348 2578 468 2620 aliquid
481 2578 608 2613 sectari,
625 2576 783 2618 compositi
806 2584 907 2607 tamen
921 2576 1006 2607 verbi
1028 2577 1093 2607 hrec

250 2630 295 2660 vis
322 2629 416 2671 paulo
442 2629 538 2659 rarior
563 2627 697 2658 videtur.
743 2628 793 2658 De
819 2627 903 2658 verbi
934 2628 1094 2669 compositi

250 2681 334 2712 vario
357 2692 415 2711 usu
442 2686 472 2711 et
499 2679 725 2710 constructione
753 2678 783 2709 hi
810 2678 867 2709 loci
894 2678 1095 2720 consignandi

1197 2436 1226 2466 p.
1243 2424 1338 2454 lxxiv.
1355 2424 1376 2454 s.
1401 2425 1447 2455 καὶ
1471 2426 1519 2455 οἵα
1541 2424 1606 2464 περὶ
1630 2425 1785 2455 Πλωτίνου
1808 2424 1994 2467 ἐθέσπισεν]

1154 2480 1174 2494 “
1187 2477 1259 2506 Ι-Ιοο
1280 2475 1437 2506 oraculum
1458 2476 1595 2506 Joannes
1611 2477 1786 2518 Opsopoeus
1808 2487 1871 2506 suae
1893 2475 2000 2507 collec-

1154 2527 1228 2558 tioni
1253 2526 1457 2557 Oraeulorum
1481 2526 1628 2566 [Oracula
1649 2526 1782 2557 Metrica
1801 2526 1999 2568 Apollinis-

1154 2578 1240 2608 alior.
1257 2578 1353 2608 Paris
1376 2578 1468 2617 1607.
1493 2589 1523 2619 p.
1541 2577 1672 2618 XXIL]
1697 2577 1839 2619 praefixit,
1856 2577 1886 2608 in
1909 2578 1999 2620 cujus

1155 2629 1287 2660 editione
1310 2640 1426 2659 errores
1449 2629 1576 2671 quidam
1601 2636 1759 2670 typorum,
1782 2627 1836 2669 qui
1862 2628 1892 2658 in
1915 2628 1999 2660 Fici-

1156 2679 1246 2710 niana
1261 2679 1458 2722 irrepserant,
1471 2679 1595 2710 sublati.
1633 2678 1724 2710 Alios
1739 2685 1769 2709 et
1783 2678 1848 2720 ipse
1864 2680 2002 2712 sustuli.”
