2201 2990
283 176 363 214 354

283 259 397 295 ferunt,
414 258 465 289 sed
481 258 618 289 imitatur
633 269 756 299 quoque
773 257 918 288 similiter.
954 258 1118 288 Dissimilis

283 301 407 343 quidem
430 301 559 332 imitatio
582 300 773 342 intelligitur,
797 300 848 331 ubi
873 312 928 343 per
950 301 1117 343 oppositio-

285 356 359 375 num
381 344 461 375 vices
482 345 517 375 fit
539 343 741 385 comparatio:
772 343 857 374 Sicut
880 343 955 374 illud
978 344 1116 374 immate-

284 386 367 423 riale,
380 387 571 423 indivisibile,
588 386 756 416 immobile:
781 386 824 417 ita
838 386 895 417 hoc
911 386 1040 417 vicissim
1057 398 1119 417 ma-

285 430 398 468 teriale,
414 429 573 466 divisibile,
592 428 711 460 mobile.
758 429 861 471 Igitur
877 429 954 460 sicut
970 429 1047 460 illud
1063 430 1118 460 bo-

286 485 358 504 num
375 479 436 503 est:
462 473 493 503 id
509 473 550 502 ita
569 471 694 502 malum.
742 473 800 502 Est
823 479 924 502 autem
948 472 979 502 in
1002 472 1119 503 mundo

285 528 356 558 erga
368 516 500 546 divinam
517 522 648 545 mentem
665 526 720 557 per
732 514 839 545 similia
854 515 979 556 insuper
992 515 1120 545 imitatio

285 559 425 600 quaedam
440 571 446 589 ε
472 565 623 600 quatenus
637 569 716 599 opus
731 557 788 588 hoc
804 565 1000 598 repraesentat
1023 569 1120 588 essen-

287 602 358 632 tiam
381 601 474 637 illam,
491 601 595 638 vitam,
618 600 859 642 intelligentiam,
881 599 982 630 ideas:
1008 600 1068 630 imo
1091 608 1120 631 et

287 645 432 676 unitatem
448 644 544 686 ipsam
562 652 655 685 atque
674 643 853 674 bonitatem.
901 642 1003 683 Igitur
1018 650 1048 672 et
1063 643 1120 673 hoc

285 695 328 718 est
359 688 473 717 bonum
504 694 649 728 tanquam
680 685 809 716 imitatio
838 684 919 714 boni.
968 686 1121 716 Emanare

286 742 357 761 vero
369 731 425 761 hoc
437 729 508 760 inde
521 729 661 760 Plotinus
675 728 827 758 existimat
844 727 974 758 naturali
987 728 1121 769 quadam

286 773 429 804 bonitatis
455 772 535 803 illius
561 770 778 802 exuberantia:
812 770 863 800 sed
890 781 1012 800 causam
1039 771 1118 801 adae-

285 828 380 857 quare
395 827 454 846 non
470 827 566 857 posse.
610 815 739 844 Terram
756 820 825 854 post
840 812 905 842 haec
922 812 1042 854 plenam
1059 825 1121 843 esse

286 859 386 900 inquit
401 857 616 889 immortalium
631 856 821 886 animalium:
843 855 1040 897 similiterque
1056 867 1123 897 spa-

286 902 362 932 tium
379 913 477 943 usque
492 900 530 930 ad
547 899 655 930 caelum
672 898 831 939 multoque
853 898 949 940 magis
969 905 999 928 et
1021 899 1121 940 ipsum

285 945 404 975 caelum.
453 941 644 974 [mmortales
674 941 704 971 in
731 950 811 972 terra
841 950 912 971 sunt
941 941 1120 978 animantes,

287 988 366 1018 ultra
382 988 476 1029 ipsam
493 995 581 1016 terrae
596 984 728 1014 animam
745 983 850 1014 saltem
867 984 976 1014 animae
998 993 1121 1021 nostrie,

286 1030 455 1060 caelestibus
476 1028 523 1058 hic
544 1027 633 1057 etiam
650 1027 822 1068 conjuncta:
841 1027 1029 1069 corporibus.
1076 1028 1122 1057 Ut

286 1072 526 1115 praetermittam,
543 1070 626 1112 quod
641 1069 767 1111 Orphici
786 1077 941 1100 terrestres
956 1070 1045 1100 etiam
1062 1070 1123 1100 dae-

286 1127 389 1145 mones
412 1114 620 1144 introducunt.
668 1112 860 1143 Immortales
877 1113 906 1142 in
925 1117 994 1143 a'ere
1010 1113 1123 1155 pariter

284 1166 376 1199 atque
406 1157 520 1188 a‘there
550 1164 621 1186 sunt
647 1155 812 1194 daemones,
839 1156 943 1186 saltem
971 1164 1121 1198 quantum

285 1208 399 1242 spectat
423 1200 461 1230 ad
481 1199 599 1230 caeleste
622 1198 742 1229 illorum
764 1210 885 1240 eorpus.
934 1199 972 1229 In
997 1199 1124 1240 spliaeris

284 1255 408 1285 quoque
431 1243 573 1273 caelorum
591 1241 733 1272 omnibus
757 1241 937 1272 immortalia
958 1242 1124 1283 divinaque

285 1295 357 1317 sunt
377 1286 529 1322 animalia,
545 1285 618 1327 ipsa*
642 1285 753 1315 scilicet
776 1285 879 1315 stellze.
929 1286 1005 1315 Sunt
1024 1285 1122 1326 etqui

285 1330 314 1359 in
331 1330 458 1360 orbibus
474 1328 663 1371 planetarum
688 1327 767 1358 ultra
787 1327 923 1369 planetas
939 1328 968 1358 in
986 1328 1123 1369 quolibet

286 1381 403 1414 ponant
429 1372 582 1402 daemones
605 1371 692 1412 quasi
719 1370 819 1401 stellas
846 1370 887 1401 ita
913 1382 967 1401 suo
993 1370 1123 1412 planeta*

287 1416 455 1457 subjectos:
482 1415 559 1445 sieut
582 1414 611 1444 in
635 1415 827 1444 firmamento
851 1425 868 1444 a
889 1414 1056 1454 majoribus
1080 1425 1123 1444 re-

285 1466 403 1500 guntur
418 1458 511 1488 stella·
528 1457 667 1488 minores,
694 1457 801 1494 Mitto,
814 1456 897 1498 quod
914 1449 990 1487 ideae
1005 1464 1124 1487 cuncta:

287 1509 357 1531 sunt
380 1501 510 1542 ubique:
541 1512 617 1541 quas
640 1499 736 1530 solent
759 1499 899 1530 animalia
923 1499 1124 1541 intelligibilia

288 1556 477 1586 nuncupare.
523 1542 699 1580 Quamlibet
726 1543 858 1584 denique
890 1540 1124 1573 intellectualem

287 1587 486 1618 substantiam
506 1586 620 1628 ubique
641 1585 777 1616 similiter
792 1598 855 1616 esse
872 1597 958 1627 posse
974 1586 1003 1616 in
1022 1586 1126 1616 Theo-

289 1630 366 1671 logia
394 1630 601 1666 tractavimus,
625 1636 655 1659 et
682 1629 880 1659 tractabimus
906 1628 988 1659 alibi.
1036 1630 1074 1659 At
1102 1629 1124 1658 si

288 1674 357 1715 quis
372 1673 545 1709 convicerit,
559 1672 717 1702 hominum
733 1679 826 1713 atque
842 1671 932 1702 etiam
949 1672 1123 1702 daemonum

288 1716 403 1747 animas
425 1728 512 1758 posse
534 1715 721 1757 quandoque
738 1715 911 1745 vehiculum
933 1715 1052 1745 melesio
1075 1714 1126 1744 de-

289 1771 418 1801 ponere:
444 1771 480 1789 ex
498 1771 560 1800 quo
576 1758 686 1788 animal
703 1757 852 1799 ejusmodi
870 1769 928 1788 11011
951 1758 988 1788 sit
1005 1758 1126 1788 immor-

290 1802 359 1839 tale,
376 1802 474 1844 primo
490 1802 614 1844 quidem
631 1801 772 1837 dicimus,
789 1812 847 1830 nou
863 1800 950 1831 facile
966 1800 1047 1831 istud
1071 1800 1125 1830 ad-

291 1846 386 1876 mitti:
412 1845 521 1875 deinde
545 1845 567 1874 si
591 1844 783 1881 admittatur,
805 1843 1023 1885 depositionem
1048 1844 1126 1884 ejus-

291 1888 373 1919 modi
388 1888 522 1930 corporis
544 1887 628 1918 liaud
652 1887 775 1928 proprie
799 1895 925 1917 mortem
942 1898 1005 1916 esse
1026 1886 1127 1916 dieen-

292 1932 378 1961 dam:
403 1931 476 1973 quia
496 1943 549 1961 nec
571 1930 655 1961 fatali
677 1930 846 1960 naturalive
862 1941 970 1960 cursu:
997 1941 1050 1960 nec
1067 1929 1128 1959 vvio-

294 1975 384 2005 lentia
409 1975 482 2004 foris
508 1974 590 2004 illata
616 1973 661 2003 vel
689 1973 770 2003 intus
796 1973 934 2003 accidat:
969 1972 1020 2002 sed
1049 1972 1128 2002 sacili

293 2017 425 2058 quadam
442 2017 527 2059 quasi
544 2016 732 2058 depositione
749 2016 839 2046 vestis
854 2024 947 2057 atque
961 2015 1127 2045 voluntate.

296 2061 437 2102 Denique
453 2060 476 2090 si
492 2071 561 2090 cum
579 2068 697 2090 terrena
712 2059 880 2089 concedant
896 2059 1009 2088 vivere:
1028 2059 1129 2088 forsan

295 2110 405 2144 negent
428 2103 557 2134 caelestia
579 2104 696 2132 vivere:
721 2101 847 2132 audiant
865 2101 1128 2143 'l'lieoplirastum,

296 2146 455 2183 dicentem,
473 2157 532 2176 11011
549 2158 612 2176 esse
627 2145 856 2187 philosophum,
870 2145 923 2185 qni
941 2152 1030 2185 neget
1046 2144 1130 2174 ‹ale-

297 2188 352 2218 stia
374 2189 484 2219 vivere.
531 2188 583 2219 Sin
608 2200 679 2218 vero
702 2188 831 2218 caelestia
859 2187 974 2217 ratione
1000 2187 1131 2229 privent,

297 2243 367 2272 quae
388 2231 515 2262 mirabili
536 2231 652 2262 ratione
675 2242 793 2272 semper
809 2230 971 2260 incedunt:
996 2229 1132 2260 animad-

297 2281 416 2304 vertant
432 2274 618 2315 quandoque
641 2286 671 2304 se
693 2286 756 2304 esse
779 2273 822 2303 vel
845 2273 1003 2303 oculorum
1022 2273 1067 2303 vel
1088 2284 1132 2302 ra-

299 2316 387 2347 tionis
402 2325 549 2358 expertes.
577 2317 605 2347 Si
624 2324 745 2357 negent,
759 2316 909 2346 mundum
926 2328 989 2346 esse
1004 2328 1020 2346 a
1039 2316 1129 2345 bono:

298 2359 424 2390 audiant
439 2360 588 2389 mundum
605 2360 647 2389 ita
663 2360 708 2389 ins
724 2359 936 2389 reclamantem
951 2372 956 2388 :
984 2360 1063 2389 Cum
1089 2370 1134 2388 as-

299 2402 384 2433 sidue
399 2413 452 2431 vos
468 2402 574 2432 ordine
589 2413 656 2432 meo
671 2402 709 2432 ad
725 2402 857 2432 divinam
876 2413 1036 2443 provocem
1054 2401 1133 2443 sapi-

299 2445 410 2476 entiam
437 2452 528 2485 atque
555 2445 670 2474 vitam:
698 2445 812 2480 scitote,
839 2457 886 2475 me
912 2457 948 2474 ex
975 2444 1134 2474 divinitate

299 2488 440 2531 pendere.

306 2576 490 2603 Gnosticorum
505 2582 606 2600 errores
621 2583 671 2599 non
687 2574 773 2599 minus
791 2573 956 2603 Christianis,
974 2583 1052 2608 qnam
1071 2574 1135 2600 I'Iu-

571 2614 663 2640 Ionicis
678 2614 864 2640 adversantur.

346 2663 410 2693 IX.
437 2662 473 2692 In
498 2659 696 2702 sequentibus
710 2670 782 2689 vero
798 2658 872 2689 dum
891 2658 1031 2688 confutat
1054 2659 1137 2699 inep-

302 2714 346 2736 tas
361 2704 572 2736 baa-eticorum
588 2702 811 2734 criminationes
830 2701 859 2731 in
881 2701 1051 2731 mundum:
1076 2701 1138 2731 ani-

723 160 1149 200 ARGUMENTUM
1182 159 1413 199 MARSIL.
1436 158 1539 198 FIC.

1161 257 1328 294 madverte,
1344 256 1374 287 in
1397 255 1515 286 mundo
1536 266 1599 285 esse
1622 263 1682 286 tres
1704 254 1858 298 praecipue
1872 255 1997 297 gradus.

1162 301 1201 331 In
1216 300 1315 343 primo
1329 299 1401 341 poni
1418 299 1605 340 sphaerarum
1624 298 1841 339 stellarumque
1856 306 1996 329 motores.

1163 344 1201 374 In
1226 342 1359 374 secundo
1381 342 1526 384 sphaeras
1571 341 1609 371 In
1627 341 1716 372 tertio
1731 340 1897 382 composita
1919 340 1999 371 infra

1162 386 1275 417 lunam.
1321 387 1370 416 Ac
1392 385 1454 415 sine
1477 384 1631 426 graduum
1657 384 1765 415 horum
1793 383 1998 421 distinctione,

1162 429 1313 459 mundum
1330 440 1389 459 non
1406 439 1469 458 esse
1485 426 1659 469 pulchrum.
1708 426 1852 458 Similiter
1867 435 1928 457 tres
1944 426 2000 457 hu-

1162 483 1260 503 manae
1276 472 1346 502 vitae
1361 471 1485 513 gradus
1535 471 1614 500 Sunt
1635 470 1713 500 enim
1735 469 1830 500 divini
1850 469 1999 507 homines,

1165 522 1236 545 sunt
1251 514 1387 551 humani,
1406 521 1476 544 sunt
1491 521 1521 544 et
1536 512 1764 555 quodammodo
1779 512 1874 543 bruti.
1913 512 2001 543 Simi-

1163 557 1231 589 liter
1249 557 1323 598 [Ed.
1342 569 1389 599 pr.
1415 556 1525 596 Simili]
1553 555 1668 586 ratione
1691 555 1850 586 diversitas
1872 562 1999 597 apparet

1163 600 1194 630 in
1209 600 1330 631 civitate
1350 600 1440 630 etiam
1463 599 1627 629 rectissime
1647 598 1820 629 constituta.
1867 598 1905 628 In
1922 598 2002 639 ejus—

1164 643 1246 673 modi
1264 655 1335 673 vero
1350 642 1543 673 distinctione
1563 649 1592 672 et
1612 641 1719 672 ordine
1738 640 2000 683 pulchritudinem

1165 693 1231 716 tum
1248 686 1330 723 vitae,
1347 693 1413 716 tum
1430 684 1560 716 civitatis
1579 696 1642 714 esse
1661 691 1825 714 memento.
1871 683 2003 714 Notabis

1165 728 1290 764 interea,
1306 728 1438 759 caelestes
1454 729 1538 758 Deos
1553 727 1746 757 inferioribus
1762 725 1882 768 singula
1897 726 2001 767 provi-

1165 771 1249 801 dere:
1271 783 1305 802 ac
1320 771 1474 801 daemones
1490 771 1548 801 sub
1564 770 1637 800 luna
1652 769 1800 812 plurimos
1816 780 1879 799 esse
1893 769 2001 805 bonos,

1165 813 1402 855 hominibusque
1418 814 1567 844 meliores:
1586 813 1709 844 concedi
1727 811 2004 850 tamen,daemones

1166 856 1284 897 aliquos
1306 868 1369 887 esse
1392 856 1496 887 11111108.
1544 856 1630 886 Sicut
1647 855 1723 896 [Ed.
1741 867 1787 897 pr.
1807 854 1904 897 Scito]
1921 865 2000 896 prae-

1167 907 1258 936 terea,
1276 907 1337 929 tam
1362 899 1485 929 stultam
1506 899 1600 929 fuisse
1622 898 1652 928 in
1674 897 1829 929 Gnostieis
1851 897 2002 928 haereticis

1165 942 1382 983 arrogantiam,
1399 949 1434 971 ut
1449 941 1564 972 nullam
1581 941 1714 972 dicerent
1732 940 1854 971 virtutis
1872 940 2001 982 speciem

1166 996 1229 1014 esse
1245 996 1342 1026 posse,
1356 984 1411 1014 nisi
1428 984 1457 1014 in
1473 984 1526 1021 eis,
1543 984 1595 1025 qui
1612 984 1739 1014 eandem
1756 983 1893 1014 haeresim
1911 991 2003 1013 secta-

1167 1035 1281 1057 rentur.
1318 1028 1397 1058 Item
1415 1026 1509 1057 malos
1524 1039 1587 1057 esse
1602 1027 1650 1057 hic
1666 1027 1819 1057 daemones
1834 1034 1865 1056 et
1880 1027 2004 1067 angelos

1167 1082 1291 1100 omnes:
1322 1078 1452 1101 rectores
1475 1081 1599 1110 quoque
1624 1069 1811 1110 sphaerarum
1837 1068 2002 1099 caelestium

1166 1125 1229 1144 esse
1252 1125 1373 1154 pravos,
1390 1113 1549 1154 ipsamque
1565 1112 1658 1142 totius
1678 1111 1784 1142 mundi
1801 1111 1903 1142 vitam.
1942 1112 2005 1142 De-

1167 1156 1260 1198 nique
1276 1155 1394 1186 nullum
1413 1167 1541 1197 nsquam
1566 1166 1678 1184 numen
1700 1154 1911 1185 honorandum
1929 1166 2004 1196 quo-

1167 1211 1230 1240 quo
1257 1199 1348 1229 modo
1373 1212 1436 1229 esse
1462 1199 1510 1228 vel
1537 1197 1760 1227 invoeandmn:
1791 1196 1843 1227 sed
1870 1197 2002 1238 primuni

1168 1250 1287 1272 tantum
1314 1242 1376 1271 sine
1403 1241 1504 1271 medio
1531 1240 1740 1271 exorandum:
1773 1241 1881 1281 Atque
1907 1239 1946 1270 ad
1973 1239 2003 1270 id

1167 1285 1290 1326 quidem
1308 1284 1533 1326 impetrandum
1552 1283 1644 1313 solam
1662 1282 1784 1313 haeresis
1804 1294 1868 1313 suae
1888 1282 2003 1324 profes-

1168 1328 1291 1364 sionem,
1306 1337 1336 1358 et
1352 1327 1444 1357 verba
1460 1326 1602 1368 quaedam
1619 1326 1757 1367 ritusque
1773 1325 1918 1356 sufficere.
1942 1325 2004 1356 Ne-

1167 1383 1227 1412 que
1244 1371 1439 1401 necessariam
1465 1370 1503 1400 ad
1527 1370 1583 1399 lioc
1607 1381 1671 1399 esse
1695 1376 1831 1399 exactam
1849 1368 1920 1399 vitae
1943 1379 2005 1398 mo-

1169 1426 1299 1455 rumque
1315 1413 1488 1456 puritatem.
1514 1412 1657 1453 Denique
1673 1411 1838 1454 pessimum
1851 1422 2006 1452 quemque

1169 1457 1291 1487 lueresis
1313 1465 1489 1487 sectatorem
1512 1455 1654 1486 universo
1676 1454 1829 1485 meliorem
1852 1465 1915 1484 esse
1938 1465 2006 1484 cen-

1169 1500 1308 1530 sendum.
1350 1500 1391 1530 Ut
1408 1511 1467 1529 non
1485 1499 1595 1528 mirum
1613 1498 1661 1534 sit,
1680 1497 1835 1528 Plotinum
1853 1496 1899 1527 bis
1915 1496 2005 1527 etiam

1168 1543 1267 1574 aerius
1283 1542 1445 1584 indignari.
1487 1541 1615 1572 Notabis
1631 1540 1763 1582 denique
1780 1540 1858 1570 sicut
1873 1539 2005 1570 maxima

1170 1586 1256 1616 nobis
1275 1586 1410 1628 potentia
1427 1585 1496 1615 solis
1511 1584 1620 1619 elucet,
1636 1584 1658 1614 si
1675 1583 1890 1613 convincamus
1913 1582 1952 1613 ab
1971 1594 2007 1613 eo

1170 1629 1278 1659 solaria
1300 1641 1363 1659 esse
1385 1640 1477 1670 quam
1503 1627 1645 1669 plurima,
1663 1626 1692 1656 id
1710 1633 1765 1664 est,
1780 1626 1917 1656 omnium
1934 1625 2004 1655 ubi-

1169 1684 1229 1713 que
1253 1672 1386 1702 lumina:
1412 1672 1452 1701 sic
1476 1671 1582 1700 miram
1604 1669 1662 1699 Dei
1687 1669 1851 1711 potentiam
1875 1667 2006 1709 fulgere,

1170 1715 1192 1744 si
1221 1715 1260 1745 ab
1289 1726 1349 1744 uno
1378 1714 1428 1744 l)ii
1454 1713 1541 1743 multi
1566 1714 1652 1749 fiant,
1679 1720 1772 1753 atque
1802 1710 2004 1753 dependeant.

1170 1758 1253 1788 Deos
1270 1766 1337 1799 post
1354 1757 1418 1787 liam·
1433 1757 1485 1793 ait,
1503 1764 1567 1786 tum
1585 1767 1655 1797 qua·
1672 1756 1740 1785 Deo
1763 1753 1922 1796 superiori,
1941 1762 2005 1784 tum

1170 1812 1240 1842 qua·
1267 1801 1338 1842 ipsis
1365 1800 1495 1841 placent,
1520 1798 1695 1829 hominibus
1722 1797 1878 1839 inspirare.
1924 1797 2007 1827 Deos

1171 1844 1218 1874 hic
1234 1844 1346 1886 accipe,
1364 1851 1428 1874 tuin
1451 1842 1606 1872 stellarum
1629 1841 1755 1877 animas,
1772 1848 1836 1871 tum
1855 1839 2009 1870 daemones

1172 1887 1274 1916 bonos.
1323 1886 1486 1917 Stellarum
1513 1884 1592 1915 enim
1618 1884 1739 1920 animae,
1767 1894 1838 1924 quae
1864 1894 1881 1913 a
1908 1889 2010 1913 mente

1172 1930 1281 1960 aninue
1308 1929 1426 1965 mundi,
1454 1936 1616 1968 menteque
1645 1926 1748 1956 divina
1774 1926 1895 1956 decreta
1926 1934 2008 1961 sunt,

1173 1972 1380 2003 daemonilms:
1406 1971 1436 2001 hi
1452 1971 1539 2001 nobis
1559 1969 1718 2011 inspirant.
1765 1969 1818 1999 Tu
1835 1980 1917 2005 vero,
1934 1968 2008 1998 dum

1174 2015 1314 2046 I'lotinus
1338 2014 1492 2044 invehitur
1508 2013 1598 2043 latins
1616 2013 1645 2042 in
1663 2011 1830 2048 haereticos,
1847 2019 2010 2047 memento,

1174 2070 1272 2099 neque
1300 2057 1468 2097 legitimum
1498 2055 1740 2087 Christianorum
1768 2066 1865 2095 genus
1890 2054 1939 2084 hic
1963 2061 2008 2084 at-

1174 2101 1269 2142 tingi:
1295 2112 1394 2142 neque
1409 2100 1503 2141 ipsam
1522 2099 1636 2129 Christi
1652 2109 1822 2139 personam.
1858 2097 2009 2134 Quoniam

1175 2141 1391 2175 Gnosticorum
1415 2151 1514 2173 eri-aua
1538 2153 1597 2171 11011
1623 2142 1724 2171 minus
1747 2152 1764 2170 a
1780 2139 1904 2170 Christo
1928 2149 2011 2176 sunt,

1175 2198 1266 2228 quam
1284 2199 1301 2216 a
1319 2186 1493 2221 Platonicis,
1510 2184 1616 2215 aliena.
1664 2185 1705 2214 Et
1731 2183 1878 2225 profecm,
1895 2182 1918 2213 si
1937 2183 2011 2213 Por-

1176 2230 1315 2272 phyrius,
1333 2229 1385 2270 qui
1401 2240 1523 2259 eausam
1543 2227 1672 2268 suscepit
1689 2233 1795 2257 contra
1811 2225 2011 2259 Christianos,

1178 2273 1336 2303 (hristum
1352 2271 1482 2302 oraculis
1498 2270 1749 2301 confirmantibus
1764 2268 1917 2310 judicavit
1937 2267 2013 2309 sapi-

1176 2323 1275 2346 entem
1292 2324 1320 2345 et
1344 2315 1428 2357 pium
1453 2322 1545 2355 atque
1566 2313 1688 2343 lieatum
1705 2325 1710 2342 :
1736 2311 1844 2342 merito
1860 2311 2011 2346 PlotinuS,

1177 2359 1230 2400 qui
1246 2358 1342 2388 solum
1360 2365 1465 2388 eontra
1481 2356 1629 2398 quosdam
1647 2355 1804 2385 haereticos
1820 2354 1893 2396 agit,
1907 2353 2010 2384 Chris-

1179 2411 1243 2432 tum
1263 2413 1280 2431 a
1301 2400 1468 2431 maledictis
1490 2407 1591 2430 censet
1613 2397 1835 2440 excipiendum.
1882 2397 1946 2427 Nec
1969 2395 2012 2424 in-

1173 2445 1256 2487 juria
1283 2444 1350 2474 illos
1376 2443 1557 2484 insequitur,
1581 2442 1633 2483 qui
1662 2440 1835 2471 asserebant
1861 2437 2010 2469 mundum

1178 2499 1241 2518 esse
1258 2495 1367 2517 natura
1382 2486 1507 2522 malum,
1525 2492 1617 2526 atque
1632 2496 1649 2514 a
1665 2483 1755 2520 malo,
1768 2483 1882 2513 animas
1896 2488 2012 2526 nostras

1179 2542 1242 2560 esse
1259 2529 1365 2560 mundi
1381 2529 1481 2559 anima
1498 2528 1646 2564 meliores,
1662 2526 1789 2567 fierique
1804 2524 1891 2555 etiam
1908 2521 2011 2553 meho-

1180 2585 1227 2603 res
1242 2572 1367 2613 angelis,
1414 2573 1455 2602 Et
1473 2571 1503 2601 id
1519 2570 1643 2612 quidem
1660 2569 1774 2609 absque
1790 2566 1890 2612 labore
1907 2564 1972 2612 ullo
1984 2572 2013 2594 et

1180 2612 1400 2658 purificationis
1425 2614 1533 2647 officio,
1562 2614 1625 2643 sola
1650 2611 1760 2642 scilieet
1786 2609 1907 2639 haereffls
1934 2606 2014 2637 illius

1180 2658 1375 2689 confessione.
1410 2658 1453 2687 Et
1466 2655 1651 2698 quibusdam
1669 2653 1786 2688 ritibus,
1803 2658 1832 2681 et
1847 2658 1928 2697 certa
1940 2661 2015 2697 qua-

1182 2701 1251 2731 dam
1268 2699 1520 2742 pronunciatione
1535 2698 1697 2728 verborum
1710 2707 1715 2724 1
1737 2705 1834 2734 neque
1849 2693 1938 2723 licere
1953 2704 2015 2723 eui-
