2201 2990
561 313 1091 372 MARSILII
1183 310 1539 368 FICINI

1033 435 1069 457 IN

642 525 749 563 LIB.
774 524 852 563 111.
886 522 1141 562 ENNEAD.
1172 521 1469 566 SECUNDAE,

482 651 709 691 UTRUM
760 650 1020 690 STELLAE
1070 648 1342 692 ALIQUID
1391 647 1623 687 AGANT.

776 772 1326 823 ARGUMENTUM.

764 1024 946 1057 SUMMA
975 1023 1161 1057 TOTIUS
1188 1022 1341 1056 LIBRI.

195 1108 352 1161 Species
379 1113 420 1146 et
447 1105 606 1158 singula
626 1106 668 1144 in
690 1106 898 1158 speciebus
918 1105 1112 1157 generari,
1134 1104 1339 1157 praeeipue
1359 1118 1382 1142 a
1403 1103 1622 1142 virtutibus
1653 1102 1913 1142 seminalibus

249 1171 291 1210 in
326 1170 533 1223 speciebus
568 1176 609 1208 et
645 1168 845 1221 singulis:

253 1247 411 1286 ponere.

196 1306 516 1359 PORPHYRIUS
536 1326 564 1356 111
582 1326 652 1357 Vita
668 1326 782 1356 Plotini
802 1325 924 1356 scribit:
949 1337 1030 1362 eum,

196 1382 266 1401 cum
285 1370 462 1411 diligentem
483 1381 605 1411 operam
630 1369 801 1409 astrologiae
822 1369 965 1406 dedisset,
981 1368 1032 1398 de-

197 1413 391 1455 prehendisse
413 1412 636 1454 astrologorum
655 1412 779 1453 judiciis
802 1423 862 1441 non
883 1423 946 1441 esse
966 1422 1031 1441 crc-

196 1456 349 1486 dendum:
375 1467 472 1497 eaque
492 1462 558 1485 tum
582 1466 729 1492 sermone,
745 1462 810 1485 tum
835 1454 929 1484 literis
951 1466 1031 1495 saepe

196 1498 407 1529 confutavisse.
447 1498 539 1535 Quod
554 1498 679 1539 quidem
696 1497 725 1527 in
742 1497 820 1527 libro
835 1497 874 1527 de
890 1498 970 1527 Fato
985 1504 1031 1526 at-

196 1553 257 1583 que
280 1542 310 1571 111
334 1541 417 1571 libris
439 1540 477 1571 de
494 1541 698 1571 Providentia
713 1540 795 1570 fecit.
842 1539 901 1570 Sed
923 1540 957 1569 'in
979 1540 1032 1569 lcoc

199 1585 328 1632 denique
343 1584 431 1620 libro,
450 1584 566 1614 Utrum
590 1583 684 1613 stellae
707 1582 823 1624 aliquid
845 1589 949 1624 agant,
966 1582 1032 1612 dili-

196 1634 319 1668 gentius
341 1626 473 1657 effecisse
496 1626 629 1656 videtur.
676 1627 714 1656 In
738 1637 801 1667 quo
824 1637 894 1655 sane
918 1625 1032 1655 Plotini

197 1669 354 1700 consilium
371 1675 428 1706 est,
444 1669 475 1699 in
492 1669 597 1711 primis
611 1680 753 1706 asserere,
770 1679 964 1710 quaecunque
981 1679 1031 1698 na-

198 1721 265 1743 tura
287 1712 469 1754 gignuntur,
490 1719 583 1754 atque
606 1718 779 1749 moventur,
798 1711 952 1753 praecipue
968 1711 1031 1741 ficri

197 1763 289 1797 atque
304 1755 386 1793 duci,
404 1762 468 1785 tum
485 1766 503 1785 a
518 1754 684 1785 seminariis
699 1755 868 1785 rationibus
884 1754 1033 1784 universa»

199 1806 326 1835 naturae,
344 1805 409 1829 tum
432 1810 450 1828 a
473 1797 640 1828 rationibus
662 1797 831 1839 plurimum
854 1797 1033 1827 seminibus-

199 1852 259 1882 que
278 1841 409 1883 propriis
424 1840 573 1871 universae
593 1848 711 1871 naturae
732 1841 856 1871 mininie
871 1840 1031 1870 dissonan-

200 1883 294 1913 tibus:
311 1883 441 1925 ideoque
452 1883 600 1925 disputat,
610 1895 710 1925 neque
726 1883 880 1914 stellarum
897 1883 1033 1913 influxus

201 1933 385 1967 naturasque
396 1926 556 1963 duntaxat,
568 1933 713 1968 tanquam
730 1927 818 1957 nimis
832 1926 1029 1957 universales:

201 1979 299 2009 neque
321 1976 483 2010 praesentes
505 1969 670 1999 caelestium
685 1969 764 2000 inter
780 1981 811 2000 se
825 1969 1030 2006 habitudines,

202 2010 285 2041 velut
300 2011 518 2050 mobilissimas,
534 2023 701 2054 rursusque
716 2024 893 2043 communes
913 2012 1033 2054 singula

202 2053 266 2083 lucc
287 2053 408 2095 proprie
425 2054 542 2084 facere:
568 2055 618 2085 sed
640 2055 794 2086 interdum
816 2056 894 2086 forte
917 2055 1031 2097 signiti-

200 2107 268 2126 care
281 2108 286 2125 :
312 2103 342 2126 et
358 2096 388 2125 id
404 2096 526 2137 quidem
543 2097 594 2133 ita,
612 2106 646 2128 ut
661 2110 698 2128 ex
714 2098 831 2128 indiciis
846 2098 934 2129 valde
950 2110 1030 2129 com-

200 2138 346 2169 munibus
367 2146 460 2179 atque
479 2140 611 2170 confusis
631 2141 806 2182 conjectura
829 2141 866 2172 sit
881 2141 985 2178 fallax,
1002 2150 1032 2172 et

196 2181 349 2221 judicium
365 2181 520 2222 contingat
538 2182 694 2213 incertum.
741 2185 871 2225 Oportet
895 2185 1032 2225 profecto

201 2230 266 2253 tum
284 2224 456 2254 communia
470 2224 615 2265 distingui
631 2237 685 2267 per
701 2226 834 2268 propria,
851 2234 917 2257 tum
938 2227 1033 2257 mobi-

200 2266 239 2296 lia
255 2266 317 2307 regi
334 2266 466 2307 ducique
487 2278 540 2308 per
555 2268 652 2305 firma,
668 2276 720 2299 aut
745 2269 848 2299 saltem
872 2281 925 2311 per
940 2270 1032 2300 firmi-

200 2320 253 2338 ora
282 2308 435 2350 qua-dam,
466 2320 503 2339 ne
532 2310 641 2351 passim
670 2322 717 2341 res
746 2323 816 2342 casu
843 2312 1029 2354 contingant.

201 2352 330 2381 Fatetur
345 2358 446 2381 autem
469 2362 522 2392 per
537 2352 748 2393 quotidianum
768 2365 948 2385 concursum
970 2368 1030 2386 011·-

199 2394 319 2424 lestium
338 2394 577 2435 inferiorumque
594 2406 764 2433 causarum,
782 2407 828 2427 res
850 2397 924 2427 dum
949 2406 1030 2435 suut,

199 2437 346 2478 qualitate
373 2436 483 2466 mutari
512 2448 571 2467 11011
599 2438 715 2479 specie:
748 2439 884 2469 similiter
908 2451 1032 2482 quoque

199 2490 253 2521 per
268 2486 363 2510 artem
383 2487 476 2520 atque
494 2490 591 2510 usum.
640 2481 756 2510 Rerum
774 2493 844 2511 vcro
860 2489 1031 2513 nostrarum

199 2533 304 2552 causas
326 2522 437 2563 partim
460 2522 489 2551 in
515 2522 681 2563 superiora,
706 2523 815 2564 partim
839 2524 869 2554 in
893 2536 938 2561 ea,
961 2537 1031 2566 quae

198 2564 276 2595 circa
299 2576 352 2595 nos
376 2572 457 2602 suut,
476 2565 586 2605 partim
610 2565 639 2594 111
660 2565 816 2595 consilium
833 2574 862 2596 et
880 2578 966 2597 usum
984 2580 1031 2598 oc-

199 2607 410 2649 casionemque
433 2608 533 2638 refert.
580 2607 745 2638 Existimat
772 2616 927 2650 praetcrea,
955 2610 1031 2642 sicut

198 2661 308 2692 corpus
327 2650 367 2681 ab
388 2650 488 2681 anima
512 2650 638 2691 regitur,
663 2650 703 2681 sic
727 2651 858 2682 animam
881 2651 919 2682 ab
942 2652 1028 2684 intel-

888 1167 1062 1207 caelestia
1097 1181 1191 1206 vero
1225 1167 1436 1206 materiam
1471 1166 1599 1212 aliter,
1634 1165 1800 1205 aliterve
1836 1166 1914 1205 dis-

1077 1325 1156 1356 leetu
1172 1324 1247 1365 regi,
1264 1335 1414 1366 posseque
1430 1324 1506 1354 hanc
1523 1323 1730 1364 intelligentiae
1751 1336 1876 1355 munere
1897 1337 1915 1355 a

1075 1367 1290 1398 communibus
1304 1367 1359 1397 fati
1375 1367 1570 1408 fortunaeque
1586 1366 1769 1408 impulsibus
1784 1368 1913 1399 liberari.

1077 1455 1186 1481 Natura
1207 1455 1381 1490 planetarum
1402 1458 1507 1480 nonest
1528 1455 1658 1490 malefica,
1676 1464 1758 1490 neque
1779 1457 1914 1483 mutabilis

1114 1496 1263 1522 mutatione
1288 1495 1345 1526 loc-i,
1369 1503 1451 1530 neque
1476 1504 1506 1521 et·
1532 1504 1622 1521 corum
1645 1496 1728 1522 radiis
1750 1499 1775 1521 et
1801 1497 1914 1523 motibus

1117 1536 1257 1562 naturalia
1277 1535 1411 1570 proecipue
1431 1538 1604 1569 genenmtnr,
1621 1536 1666 1561 ml
1681 1545 1711 1561 ex
1724 1537 1840 1571 propriis
1855 1537 1912 1563 ubi-

1117 1585 1166 1611 que
1181 1576 1294 1607 naturis,
1310 1579 1335 1601 et
1351 1576 1482 1601 contutant
1498 1579 1607 1602 natura.

1120 1627 1149 1656 Ῑ.
1174 1627 1211 1657 In
1235 1625 1335 1668 primo
1354 1625 1448 1667 igitur
1470 1626 1567 1667 capite
1591 1634 1693 1657 narrat
1716 1627 1914 1668 quemadmo-

1077 1669 1151 1700 dum
1178 1668 1334 1710 astrologi,
1360 1680 1420 1698 non
1447 1680 1551 1699 onmes
1581 1669 1718 1710 inquam,
1745 1670 1796 1700 scd
1825 1670 1913 1700 multi

1077 1719 1198 1754 putant,
1215 1724 1233 1743 a
1248 1712 1365 1742 viribus
1388 1712 1583 1753 motibusque
1606 1712 1760 1743 stellarum
1777 1720 1806 1743 et
1823 1713 1914 1755 signi-

1077 1755 1159 1785 ficari
1182 1761 1211 1785 et
1234 1754 1299 1785 fieri
1324 1754 1454 1796 singula,
1478 1762 1543 1785 tum
1567 1755 1605 1785 ad
1628 1763 1763 1793 externa,
1784 1764 1850 1787 tum
1874 1756 1912 1786 ad

1077 1810 1199 1840 corpus,
1216 1805 1281 1828 tum
1303 1798 1341 1828 ad
1357 1798 1493 1828 animum
1517 1798 1711 1839 actionesque
1733 1799 1825 1829 animi
1847 1811 1914 1841 pcr-

1078 1841 1214 1877 tinentia,
1242 1841 1303 1871 sive
1330 1840 1410 1871 bona
1436 1841 1622 1882 honestaque
1653 1842 1722 1877 sint,
1748 1842 1810 1872 sive
1834 1842 1913 1872 mala

1076 1895 1183 1915 rursus
1198 1891 1228 1915 et
1244 1883 1354 1925 turpia.
1395 1885 1447 1914 Tu
1465 1895 1536 1914 vero
1552 1892 1714 1920 memento,
1732 1896 1791 1915 non
1807 1891 1915 1916 aucto—

1077 1938 1123 1957 res
1148 1927 1272 1969 quidem
1297 1926 1469 1968 astrologiae
1496 1927 1665 1969 praecipuos
1692 1928 1755 1958 lucc
1783 1928 1912 1963 tradere,

1077 1970 1129 2000 scd
1166 1970 1299 2012 plebeios
1333 1970 1482 2012 quosdam
1516 1970 1684 2012 astrologos
1720 1971 1913 2001 astronomia·

1076 2024 1200 2055 prorsus
1228 2013 1360 2055 ignaros,
1384 2013 1455 2043 talia
1476 2012 1644 2054 divulgare.
1691 2014 1914 2044 Animadverte

1077 2064 1234 2098 praeterea,
1266 2056 1424 2086 Plotinum
1455 2056 1555 2086 statim
1586 2068 1603 2086 a
1633 2056 1782 2098 principio
1812 2057 1912 2087 forsan

1076 2099 1175 2141 gratia
1197 2098 1375 2140 disputandi
1395 2099 1570 2137 concedere,
1586 2099 1747 2140 significari
1770 2100 1913 2141 quaedam

1076 2149 1162 2172 motu
1178 2142 1301 2179 caelesti,
1316 2153 1376 2172 11011
1391 2142 1505 2172 onmia:
1530 2142 1593 2172 ficri
1610 2154 1734 2184 quoque
1750 2143 1820 2173 iude
1836 2143 1914 2173 mul-

1076 2192 1117 2222 ta,
1143 2196 1202 2215 non
1226 2185 1338 2222 omnia,
1360 2191 1400 2221 et,
1421 2197 1491 2226 quae
1515 2185 1734 2226 significantur,
1752 2186 1802 2216 vix
1826 2198 1913 2228 posse

1077 2228 1216 2258 discerni.
1263 2229 1350 2258 Inter
1365 2227 1430 2258 haec.
1446 2228 1521 2258 dum
1538 2236 1651 2265 narrat,
1667 2228 1697 2258 111
1714 2229 1836 2259 duobus
1859 2229 1911 2259 dc-

1076 2271 1154 2301 ridet
1184 2270 1362 2312 astrologos.
1410 2270 1515 2301 Primo
1539 2270 1675 2312 quidem,
1702 2272 1785 2313 quod
1815 2271 1911 2308 aiunt,

1075 2313 1176 2344 stellas
1192 2325 1248 2355 pro
1265 2313 1432 2344 mutatione
1449 2315 1583 2344 locorum
1601 2321 1630 2344 ct
1646 2321 1825 2356 aspectuum
1846 2326 1913 2345 11111-

1075 2364 1139 2387 tare
1155 2365 1290 2387 naturas.
1338 2356 1444 2394 Qualis
1463 2364 1544 2387 certe
1560 2356 1689 2387 mutatio
1707 2368 1759 2388 nee
1776 2358 1805 2387 111
1822 2358 1912 2388 rebus

1074 2399 1199 2441 quidem
1213 2400 1349 2437 terrenis,
1362 2412 1432 2441 quae
1449 2399 1688 2430 mutabilissima*
1704 2408 1784 2437 sunt,
1796 2413 1833 2431 ex
1851 2401 1913 2431 sola

1074 2453 1144 2473 mox
1162 2442 1331 2473 mutatione
1354 2442 1489 2473 locorum
1513 2450 1606 2484 atque
1629 2443 1766 2474 intuendi
1784 2444 1910 2474 diversi-

1076 2490 1138 2515 tate
1154 2486 1228 2516 solet
1243 2485 1388 2516 accidere.
1422 2485 1574 2522 Secundo,
1587 2486 1672 2527 quod
1688 2486 1784 2523 aiunt,
1801 2486 1910 2521 stellas,

1075 2534 1105 2557 et
1125 2539 1195 2569 quae
1218 2529 1342 2570 optimae
1365 2534 1448 2566 sunt,
1465 2528 1539 2559 effici
1564 2528 1667 2565 malas,
1684 2536 1714 2560 et
1729 2542 1800 2571 qua*
1822 2530 1912 2572 110110-

1075 2570 1131 2600 {ico
1154 2571 1330 2612 funguntur
1353 2571 1553 2613 providentiae
1577 2583 1713 2609 munere,
1738 2572 1911 2602 hominibus

1074 2612 1287 2644 innocentibus
1303 2626 1382 2655 saepe
1399 2625 1514 2645 nocere.
1555 2615 1735 2645 Detestatur
1750 2615 1778 2644 111
1796 2614 1910 2655 primis,

1072 2655 1166 2696 quod,
1183 2668 1253 2687 cum
1276 2656 1370 2687 stellae
1385 2668 1489 2688 omues
1511 2656 1652 2687 animata·
1668 2658 1738 2693 sint,
1755 2664 1783 2686 ct
1802 2655 1910 2685 intelli-
