2201 2990
560 130 716 161 VITAM
741 128 967 159 AUCTORE
993 126 1279 157 I'ORPHYRIO.
1311 137 1341 167 p.
1360 125 1455 156 lxxiv.
1473 126 1558 156 lxxv.

1863 126 1955 157 cxxix

206 219 332 250 Fabric.
378 217 504 259 Adjecit
525 215 615 246 ctiam
633 212 832 244 Testimoniis
849 212 888 242 de
906 211 1046 242 Oraeulis
1063 213 1089 239 A
1107 213 1225 250 cerno),
1254 209 1481 251 comparandus
1508 210 1601 240 fuerit
1633 211 1769 241 Platonis
1802 213 1886 242 locus
1920 212 1949 242 in

206 270 343 301 Gallaeus
359 270 387 299 in
404 268 452 298 ed.
469 265 610 308 Sibyllin.
628 263 762 295 Oracull.
778 264 817 293 T.
834 264 860 293 I.
878 262 916 292 ad
933 261 1045 292 calcem

204 333 233 364 p.
252 322 278 351 8.
296 332 340 362 sq.
364 319 496 359 indeque
519 327 618 357 nuper
642 316 677 346 V.
699 314 747 345 Cl.
773 314 864 344 Frid.
886 314 1043 344 Muenter.

203 373 232 403 in
259 369 497 413 Antiquarisclze
518 366 780 408 Ablmncllzmgen.
818 364 1043 406 Kopenhagen.

206 423 295 453 1816.
311 433 340 463 p.
353 430 421 461 274.
434 431 499 461 sqq.
515 429 585 449 cum
598 415 865 448 emendationibus
877 415 1043 446 Clarissimi

201 470 353 503 Thorlacii
373 477 401 500 et
423 480 493 500 cum
509 468 646 498 versione
663 466 855 497 Germanica.
904 466 1042 496 Mentio-

199 534 266 554 netn
291 521 384 563 hujus
407 519 531 550 Oraculi
554 518 625 549 fecit
647 518 737 549 etiam
764 518 800 548 B.
821 517 987 548 Bendtsen.
1012 517 1042 548 in

198 573 383 616 prolusione,
406 583 477 613 quae
503 569 680 601 inscribitur
707 570 868 599 Marmora
895 568 1040 610 Mystica.
1060 573 1084 600 B

199 624 343 656 Havniae.
364 624 454 662 1819.
472 633 504 664 p.
519 632 550 660 4.
566 632 609 662 sq.
656 622 813 651 Caeterum
836 619 917 650 hunc
941 620 1040 650 locum

199 674 364 717 Porphyrii
393 673 432 704 de
457 671 592 703 Oraculo
621 670 796 702 confudisse
821 670 945 701 videtur
969 683 1039 701 enm

196 726 332 768 ejusden]
349 736 441 767 opere
456 724 495 754 de
511 722 652 754 Oraculis
668 721 834 764 Eunapius
852 721 880 751 in
900 722 1042 764 Porphy-

196 777 240 808 rio
256 789 286 818 p.
304 787 333 816 9.
352 775 529 807 Boissonad.
542 774 649 817 judice
666 773 911 816 VVyttenbaehio
927 773 956 803 in
974 775 1041 803 An-

197 836 258 859 not.
284 840 314 870 p.
330 838 381 869 39.
427 826 489 865 Qui
512 826 658 868 quidem:
692 829 712 843 ‘⁶
726 826 824 867 Ergo,
847 825 900 863 ait,
921 825 1039 855 solitam

194 879 250 910 sibi
278 878 494 921 negligentiam
523 884 646 908 secutus
668 876 762 907 fuerit
786 877 961 919 EnnapinS.
985 877 1039 918 qui

193 931 295 963 locum
319 942 355 961 ex
379 930 448 961 Vita
472 928 587 960 Plotini
610 940 679 959 cuin
704 928 850 970 singulari
872 928 1037 970 Porphyrii
1057 936 1079 963 C

193 994 285 1025 opere
310 982 348 1012 de
371 981 512 1012 Oraculis
537 980 723 1017 confuderit,
747 980 830 1021 quod
854 988 935 1010 certe
960 992 1039 1022 opus

194 1034 364 1076 significare
378 1032 499 1063 videtur
511 1031 558 1062 his
572 1031 687 1062 verbis:
714 1031 759 1062 καὶ
771 1033 845 1069 μετὰ
858 1034 946 1061 ταῦτα
959 1032 1039 1062 ἄλλα

192 1085 427 1125 πραγματεύεται
449 1085 526 1115 ὅπως
540 1083 595 1123 χρὴ
611 1084 750 1113 τοιούτων
770 1086 919 1113 ποιεῖσθαι
939 1085 1036 1122 ἐπιμε-

193 1137 289 1167 λείαν.
315 1136 368 1166 ubi
388 1142 490 1166 nostra
511 1134 654 1176 opinione
675 1134 850 1176 requiratur
865 1135 1036 1174 πεπραγμά-

192 1201 299 1223 τευται,
315 1188 453 1229 scripsit,
469 1187 564 1216 libros
579 1186 777 1228 compo.s·112't.”
803 1186 857 1216 Cr.

235 1251 265 1280 p.
291 1238 387 1268 lxxiv.
407 1244 430 1267 g.
464 1237 621 1277 ’Ἄμβροτα
650 1237 796 1276 φορμίζων
826 1237 1038 1275 ἀναβάλλομαι

1109 262 1249 303 SympOS.
1275 273 1304 302 p.
1327 269 1395 300 177.
1423 272 1452 301 p.
1469 269 1541 300 379.
1562 260 1678 291 Belx'lxx:
1703 261 1819 300 ’Έρωτα
1842 265 1872 293 δὲ
1895 277 1948 301 μη-

1106 312 1176 343 δένα
1191 325 1235 342 πω
1256 312 1540 351 ἄνθρωπον-ἀξίως
1557 313 1818 349 ὑμι’ῆσαι.-ὃοκεῖ
1832 314 1886 353 γάρ
1901 328 1949 352 μοι

1105 365 1211 403 χρῆναι
1234 363 1360 393 ἕκαστον
1383 363 1462 401 ἡμῶν
1485 363 1578 401 λόγον
1602 364 1694 392 εἰπεῖν
1717 363 1838 393 ἔπαινον
1854 364 1947 403 ’Ἑρω-

1105 426 1154 446 τος
1178 414 1223 444 ἐπὶ
1249 415 1327 451 δεξιὰ
1352 414 1388 445 ὡς
1411 413 1447 444 ἂν
1470 414 1588 451 δύνηται
1613 413 1784 447 κάλλιστον,
1808 422 1837 444 et
1864 416 1949 446 adhi-

1105 464 1205 495 benda
1220 477 1283 495 esse
1300 464 1392 494 verba
1405 464 1562 494 Ciceronis
1576 465 1716 495 Tuscull.
1732 465 1757 494 I.
1771 475 1788 505 3
1801 477 1806 495 :
1834 470 1854 483 ‘⁴
1866 467 1950 497 The-

1105 516 1255 546 mistocles
1271 527 1339 546 cum
1357 515 1386 546 in
1403 515 1502 557 epulis
1518 524 1670 546 recusaret
1683 516 1791 557 lyram,
1804 524 1848 546 est
1866 517 1950 547 habi-

1105 574 1153 597 tus
1175 566 1541 606 11](1()(·11()1·.”-ὑφαίνων.
1568 567 1693 597 Pindar.
1712 568 1803 597 Nem.
1822 568 1878 598 IV.
1898 578 1947 606 71.

1103 630 1168 660 sqq.
1189 620 1266 658 (44.)
1292 618 1765 658 ’Εξύφαιιιε--φόρμιγξ-μέλος,
1806 618 1951 650 Similiter

1101 671 1192 708 ὕμνον
1207 670 1344 709 ὑφαίνειν
1359 669 1437 700 (lixit
1449 669 1569 699 Theod.
1586 670 1612 700 Ῑ.
1624 680 1654 708 4.
1679 670 1732 700 Cr.
1772 670 1859 701 Add.
1876 671 1948 701 Pin-

1101 720 1167 751 dari
1183 721 1344 762 Fragnnn.
1364 730 1433 760 170.
1460 732 1489 761 p.
1508 722 1580 759 647.
1599 722 1757 752 Boeckhii.
1784 723 1852 752 Mr.

1144 784 1176 814 p.
1194 772 1288 803 lxxiv.
1306 772 1334 802 h,
1360 771 1464 813 κλῄζω]
1493 772 1694 814 sEschyleuin
1720 773 1792 804 dicit
1816 774 1948 804 Thorla-

1101 824 1176 855 cius.
1218 824 1288 854 Vid.
1307 824 1485 866 Cho'ephor.
1503 833 1575 865 315.
1595 823 1668 866 ibiq.
1688 825 1860 856 Blomfield.
1879 827 1944 856 Eu-

1100 876 1189 918 ripid.
1220 875 1362 917 Iphigen.
1391 875 1499 906 Aulid.
1532 885 1621 916 1522.
1669 876 1832 919 Aristoph.
1861 878 1947 907 Aves

1101 936 1171 969 951.
1201 928 1240 958 cf.
1262 939 1291 957 v.
1311 929 1340 958 6.
1389 928 1467 957 Mox
1496 928 1634 957 Gallaeus
1662 927 1693 957 in
1723 928 1857 958 Oracull.
1882 929 1902 959 l.
1928 930 1946 959 l.

1098 980 1292 1019 γερύσασθαι.
1318 978 1436 1009 vitiose.
1475 978 1617 1020 Antiqua
1635 979 1756 1009 Scholia
1771 979 1800 1009 in
1815 979 1946 1010 Hesiod.

1098 1030 1215 1072 Theog.
1233 1042 1260 1060 v.
1279 1031 1329 1061 28.
1355 1030 1503 1060 exhibent
1525 1031 1712 1070 γηρύσασθαι
1734 1042 1791 1072 pro
1813 1031 1945 1070 μυθήσα-

1098 1084 1178 1117 σθαι,
1202 1093 1273 1123 quae
1299 1081 1389 1112 lectio
1410 1093 1507 1123 quum
1534 1082 1697 1123 placuisset
1721 1083 1859 1120 Graevio‚
1884 1094 1946 1114 non

1098 1141 1198 1164 tamen
1216 1133 1346 1175 probata
1360 1140 1404 1164 est
1422 1134 1459 1163 F.
1474 1135 1516 1164 A.
1531 1134 1647 1163 Wolfio
1662 1141 1692 1164 et
1708 1134 1771 1164 Th.
1787 1134 1943 1165 Gaisford.

1098 1185 1128 1216 in
1152 1186 1249 1227 poetis
1271 1186 1344 1216 Grr.
1362 1185 1485 1215 minorr.
1505 1185 1532 1215 I.
1548 1196 1579 1226 p.
1599 1193 1649 1224 71.
1696 1185 1787 1222 Quod
1806 1185 1945 1227 Ilgenius

1097 1237 1136 1267 ad
1155 1238 1250 1267 Hom.
1269 1239 1390 1279 Hymn.
1413 1237 1442 1268 in
1467 1237 1606 1266 Mercur.
1622 1248 1651 1266 v.
1665 1245 1739 1277 425.
1763 1238 1883 1276 γαρύειν
1905 1236 1944 1268 de

193 1305 218 1321 κ.
231 1303 255 1321 τ.
268 1291 312 1331 λ.]
339 1289 410 1320 Tib.
436 1289 615 1319 Hemsterh.
640 1288 678 1318 ad
703 1287 850 1329 Apollon.
876 1288 982 1319 Rhod.
1006 1300 1035 1318 v.
1054 1295 1080 1321 D
1098 1289 1233 1319 humana
1248 1301 1321 1319 voce
1339 1288 1478 1330 usurpari
1496 1287 1580 1323 dicit,
1598 1298 1705 1317 verum
1721 1287 1864 1329 quidem:
1891 1288 1944 1319 sed

190 1352 264 1384 307.
281 1342 310 1372 in
329 1340 556 1372 Hetnsterhusii
572 1340 716 1371 Anecdd.
736 1341 778 1370 T.
799 1341 826 1370 I.
846 1352 876 1381 p.
894 1350 967 1380 304.
987 1340 1036 1370 ed.

190 1393 261 1424 clar.
287 1393 375 1424 Geel.
398 1404 491 1435 agens
516 1392 554 1422 de
579 1391 694 1433 duplici
718 1391 817 1421 fornia
840 1391 1034 1433 quorundam

192 1444 423 1487 Adjectivorun]
437 1444 467 1474 in
492 1447 523 1476 εἷς
543 1450 572 1474 et
594 1445 626 1481 ἧς
648 1443 709 1473 ita:
740 1442 923 1482 “”Αμβροτα
945 1444 1036 1481 ὕμνον

190 1496 370 1539 perlicenter
386 1495 503 1537 Apollo
517 1495 640 1526 videtur
656 1494 792 1535 posuisse
813 1506 869 1536 pro
887 1495 1035 1534 ἄμβροτον

189 1560 239 1590 ap.
257 1548 412 1590 Porphyr.
429 1547 467 1578 de
484 1547 555 1578 Vita
578 1547 692 1577 Plotini
715 1559 742 1577 v.
764 1557 794 1581 1;
823 1547 911 1577 aliter
934 1554 1033 1577 tamen

190 1611 219 1630 v.
237 1600 304 1640 25.”
339 1598 446 1639 [Quid,
464 1598 487 1629 si
510 1598 675 1640 legendum
698 1598 735 1629 sit
752 1599 898 1638 φορμίζων
913 1606 943 1628 et
961 1598 1034 1640 jun-

188 1650 324 1692 gendum
342 1651 476 1690 ἄμβροτα
488 1651 657 1690 φορμίζωνέ
678 1650 765 1692 illvm]
796 1651 843 1680 De
858 1662 888 1679 v.
901 1649 1034 1688 ἀναβάλ-
1053 1657 1076 1683 Ε

189 1706 278 1740 λομαι
307 1701 347 1732 cf.
374 1701 475 1732 Schol.
504 1701 670 1743 Aphthon.
697 1701 726 1731 in
761 1701 905 1731 Matthaei
936 1702 1030 1732 Lectt.

191 1754 317 1795 Mosqq.
337 1754 384 1783 II.
409 1765 439 1795 p.
459 1754 509 1783 81.
533 1760 564 1784 et
588 1753 690 1784 Sehol.
712 1752 889 1783 Philostrati
913 1752 950 1783 ad
971 1752 1033 1783 Vit.

191 1804 348 1846 Apollonii
371 1804 401 1834 in
429 1804 547 1847 Georg.
573 1805 641 1836 Jos.
673 1803 806 1835 Bekkeri
840 1805 971 1846 Specim.
1002 1804 1032 1835 in

192 1855 368 1887 Philostrat.
396 1867 428 1898 p.
454 1865 524 1886 121.
571 1856 610 1886 In
639 1855 777 1886 Platonis
801 1856 974 1886 Theaeteto.
1000 1868 1031 1899 p.

195 1916 261 1947 175.
279 1919 305 1937 e.
323 1907 463 1944 Heindf„
477 1907 651 1938 Casauboni
667 1907 839 1938 eruditione
855 1919 928 1938 usus
941 1908 1034 1938 verba

191 1958 418 1996 ἀναβάλλεσθαι
440 1959 470 1988 δὲ
491 1959 542 1988 οὐκ
558 1958 754 1997 ἐπισταμένου
771 1959 899 1997 ἐπιδέξια
916 1959 1032 1990 ἐλευθέ-

189 2022 245 2048 ρως
260 2009 298 2039 de
313 2009 426 2040 amictu
442 2009 549 2040 dextre
564 2010 776 2052 componendo
794 2011 919 2049 (δεξιῶς)
938 2010 1031 2041 inter·
1054 2019 1076 2046 F

190 2067 329 2102 pretatur
344 2072 374 2102 p.
392 2070 464 2098 400.
510 2062 609 2098 Quam
630 2061 861 2103 explicationem
886 2061 1034 2092 adhibue-

191 2120 264 2141 runt
280 2111 452 2142 'I‘hetnistio
471 2123 500 2153 p.
520 2114 590 2153 263.
610 2114 649 2143 T.
668 2113 848 2143 Hemsterh.
865 2113 903 2143 ad
920 2113 1031 2144 Thom.

192 2163 280 2203 Mag.
307 2173 338 2204 p.
356 2163 407 2203 65.
434 2170 464 2193 et
490 2164 612 2194 Jacobs.
637 2164 675 2194 ad
703 2164 813 2195 calcem
841 2164 969 2207 Dionys
994 2165 1033 2196 de

191 2213 361 2255 Composit.
378 2213 425 2243 ed.
444 2213 575 2245 Goeller.
598 2226 629 2256 p.
646 2215 717 2246 288.

189 2263 307 2294 toribus
325 2263 479 2293 Sallierius
491 2271 591 2295 tamen
606 2265 760 2297 Athenaeo
775 2267 903 2309 ejusque
920 2279 1032 2310 niagno

188 2314 347 2357 interpreti
377 2314 546 2356 obloquens
576 2316 708 2358 explicat
736 2319 896 2359 prehzder.
945 2319 1030 2359 (Vid.

763 2215 828 2245 Alii
851 2215 917 2246 aliis
940 2217 1032 2259 scrip-

1098 1348 1197 1371 tamen
1219 1340 1309 1370 etiam
1330 1339 1368 1370 de
1391 1339 1575 1370 animalibus
1599 1339 1741 1381 usurpari
1762 1339 1851 1369 docet
1868 1339 1941 1369 Phi-

1096 1392 1165 1422 letae
1180 1391 1256 1421 illud
1274 1403 1323 1433 ap.
1342 1391 1459 1422 Athen.
1482 1392 1530 1422 II.
1545 1401 1595 1431 71.
1613 1403 1642 1433 p.
1663 1400 1735 1432 273.
1753 1391 1894 1433 Schwgh.
1913 1399 1943 1422 et

1096 1442 1126 1472 in
1147 1442 1278 1473 Anthol.
1298 1444 1353 1473 Gr.
1373 1444 1400 1473 I.
1424 1455 1452 1485 p.
1474 1453 1543 1474 122.
1561 1443 1698 1473 Jacobs:
1726 1442 1888 1482 Γηρύσαιτο
1912 1444 1943 1473 δὲ

1097 1495 1213 1533 νεβρός.
1253 1494 1302 1524 Cf.
1327 1494 1366 1524 ad
1391 1506 1461 1524 eum
1486 1495 1586 1525 locuni
1613 1495 1682 1524 Car.
1707 1494 1786 1524 Phil.
1812 1494 1942 1536 Kayseri

1096 1549 1146 1576 τοῦ
1167 1547 1326 1586 μακαρίτου
1348 1553 1464 1576 annott.
1482 1545 1512 1576 in
1535 1545 1666 1576 l'hiletae
1687 1544 1744 1575 Coi
1766 1546 1883 1587 Fragg.
1900 1546 1940 1576 N.

1097 1598 1191 1628 XIV.
1209 1609 1237 1640 p.
1254 1605 1307 1638 55.
1325 1609 1466 1639 sqq.-v.
1484 1605 1513 1638 5.
1539 1598 1640 1636 ἐρωαῖς
1656 1596 1726 1626 inde
1745 1596 1785 1626 ab
1803 1597 1942 1627 Homero

1095 1649 1325 1691 frequentatum
1342 1649 1449 1691 poetis,
1490 1649 1541 1680 Cf.
1559 1648 1675 1690 Heynii
1693 1648 1784 1679 Obss.
1800 1647 1831 1678 111
1849 1647 1940 1679 Iliad.

1095 1705 1126 1731 λ.
1146 1711 1220 1743 357.
1246 1709 1275 1732 et
1299 1701 1329 1731 in
1354 1706 1387 1741 φ.
1411 1711 1481 1741 251.
1528 1699 1688 1730 Deteriore
1718 1706 1818 1729 tamen
1849 1698 1940 1729 etiam

1094 1764 1183 1783 sensu
1206 1760 1336 1794 usurpat
1357 1753 1487 1783 Proclus
1503 1753 1624 1794 Hymn.
1641 1751 1670 1781 in
1689 1751 1810 1786 Musas,
1827 1761 1871 1780 VS.
1892 1760 1940 1781 10.

1094 1804 1133 1835 ad
1156 1816 1248 1846 quem
1273 1804 1335 1834 vid.
1359 1804 1482 1835 Jacobs.
1508 1803 1538 1833 in
1564 1802 1734 1843 Antholog.
1761 1802 1818 1832 Gr.
1841 1802 1889 1832 II.
1909 1812 1939 1843 3.

1094 1868 1124 1898 p.
1144 1857 1215 1897 285.
1262 1857 1348 1894 Quos
1364 1855 1495 1897 hymnos
1518 1854 1642 1885 omnino
1657 1864 1726 1884 eum
1744 1853 1801 1883 hoc
1816 1854 1940 1883 oraculo

1093 1920 1270 1951 comparare
1293 1914 1323 1938 et
1339 1907 1540 1938 Jacobsianas
1560 1904 1772 1936 annotationes
1794 1904 1940 1935 adhibere

1093 1960 1253 1991 conducat.
1286 1960 1341 1991 Cr.

1137 2023 1166 2053 p.
1180 2012 1266 2041 lxxv.
1280 2010 1297 2040 ῐ.
1316 2022 1359 2040 vs.
1375 2011 1405 2040 6.
1424 2008 1605 2050 ἐκλήϊχθεν]
1633 2008 1683 2037 Ita
1702 2006 1793 2037 etiam
1814 2006 1939 2037 Fit-inus

1093 2062 1201 2104 legisse
1218 2062 1349 2092 videtur.
1391 2060 1518 2091 Pindar.
1536 2061 1629 2090 Nem.
1649 2059 1694 2089 II.
1711 2068 1762 2099 34.
1783 2060 1858 2098 (22.)
1878 2059 1937 2096 ἔμι-

1093 2117 1176 2154 χθεν.
1225 2113 1371 2144 Similiter
1401 2112 1569 2152 ἐλέλιχθεν.
1615 2112 1664 2141 De
1691 2110 1806 2152 quibus
1833 2109 1940 2140 formis

1094 2165 1242 2196 Eustath.
1259 2165 1289 2194 in
1313 2163 1402 2195 Iliad.
1420 2175 1451 2205 p.
1469 2164 1520 2204 85.
1544 2174 1574 2204 p.
1590 2170 1640 2202 72.
1656 2161 1706 2192 ed.
1720 2161 1808 2203 Lips.
1828 2161 1936 2191 noviss.

1093 2224 1122 2247 et
1133 2217 1204 2247 alibi
1215 2216 1577 2259 disputan—dnv‘ffoepcv.
1601 2213 1651 2244 Cf.
1665 2212 1765 2254 Orph.
1777 2213 1935 2253 Argon.6.

1094 2270 1200 2311 Heyn.
1224 2268 1263 2298 ad
1288 2267 1369 2298 Iliad
1392 2280 1422 2297 o·.
1447 2275 1521 2307 502.
1567 2266 1732 2306 lllnsgraV.
1757 2263 1795 2294 ad
1826 2263 1936 2305 Enrip.

1093 2321 1195 2351 Orest.
1210 2327 1389 2360 1253.——vs.
1405 2328 1434 2358 9.
1452 2317 1659 2348 ε’πιπνείοντες.
1688 2314 1758 2346 Vid.
1774 2315 1938 2345 Mitscher-

190 2366 460 2408 Schweighaeuser.
487 2366 526 2396 ad
553 2367 740 2398 Athenaeum
769 2369 973 2409 (Animadvv.
1001 2371 1028 2401 I.
1049 2375 1075 2402 G
1093 2371 1161 2402 lich.
1180 2370 1219 2401 ad
1237 2371 1367 2401 Homer.
1385 2369 1414 2400 h.
1437 2369 1465 2398 in
1490 2369 1559 2399 Cer.
1578 2379 1607 2397 v.
1627 2368 1697 2408 283.
1731 2366 1875 2397 Valcken.
1898 2367 1936 2397 ad

188 2430 257 2460 pag.
282 2419 361 2457 169.)
410 2418 517 2458 Atque
540 2417 611 2448 huic
633 2418 839 2461 adstipulatur
855 2432 954 2463 nuper
969 2422 1031 2452 edi-

190 2477 240 2499 tus
265 2468 447 2499 Scholiastes
471 2467 658 2499 Bodleianus
681 2481 712 2511 p.
730 2480 779 2509 77.
804 2471 853 2501 ed.
873 2472 1029 2503 Gaisford.

189 2520 249 2557 Qui
281 2528 479 2562 posteaquam
508 2519 586 2549 hanc
619 2519 714 2561 ipsam
750 2521 1030 2563 interpretationem

189 2571 336 2612 prodidit,
349 2570 477 2600 aliorum
495 2569 641 2600 rationem
658 2570 761 2612 adjicit
777 2573 1028 2616 comprobatqrm,

188 2623 241 2664 qui
266 2634 321 2664 pro
344 2621 581 2661 προοιμιάζεσθαι
597 2634 619 2651 s.
637 2622 781 2662 ἄρχεσθαι
801 2625 963 2663 καθαρίζειν
978 2637 1027 2655 ac-

187 2680 339 2715 ceperant.
387 2676 465 2711 Quae
490 2672 566 2703 ratio
590 2673 613 2703 si
637 2673 735 2703 valeat
760 2673 848 2712 (nihil
873 2674 951 2704 enim
979 2675 1030 2706 de-

238 2736 329 2760 VOL.
350 2735 375 2759 Ι.

1092 2422 1204 2464 Eurip.
1224 2421 1355 2463 Hippol.
1371 2432 1401 2450 v.
1417 2422 1491 2461 563.
1531 2417 1688 2449 Phalarid.
1706 2417 1807 2459 Epist.
1825 2417 1932 2447 XIII.

1091 2485 1121 2515 p.
1139 2474 1188 2503 66.
1214 2473 1232 2503 ἃ
1247 2485 1296 2503 σοι
1315 2471 1504 2503 ἐπιπνέουσιν
1521 2471 1550 2501 αἱ
1568 2470 1636 2500 θεαί
1655 2475 1672 2484 ‘¹
1687 2480 1757 2510 quae
1783 2468 1835 2499 tibi
1853 2469 1935 2505 (Ste-

1091 2524 1222 2564 sichoro)
1241 2523 1358 2554 adflant
1374 2523 1468 2553 deae.”
1492 2522 1542 2552 Cf.
1558 2521 1661 2551 XIX.
1678 2532 1709 2562 p.
1721 2521 1770 2560 98.
1788 2519 1840 2549 ubi
1862 2519 1931 2549 item

1091 2575 1129 2605 de
1141 2579 1232 2616 poeta
1245 2574 1392 2605 divinitus
1403 2573 1625 2604 adflata—Vs.
1637 2581 1685 2602 10.
1700 2572 1819 2612 Hymn.
1832 2569 1929 2610 Orph.

1092 2626 1180 2656 LVI.
1198 2627 1275 2666 (55.)
1292 2638 1334 2656 vs.
1348 2634 1375 2665 7.
1392 2627 1559 2664 βαθυχαῖτα
1574 2623 1613 2653 de
1629 2621 1780 2652 Adonide.
1814 2620 1932 2661 Saepius

1090 2685 1192 2706 autem
1209 2688 1246 2707 ex
1264 2676 1407 2718 Orphicis
1422 2674 1551 2717 profecit
1568 2674 1615 2704 hic
1632 2681 1725 2703 vates.
1759 2674 1811 2701 Cr.

1138 2740 1157 2762 Γ
