2201 2990
657 142 814 174 VITAM
839 141 1066 174 AUCTORE
1091 141 1382 174 PORPHYRIO.
1411 154 1442 185 p.
1459 143 1534 176 xlix.

1857 146 1975 179 lxxxvii

264 240 294 272 p.
312 228 385 261 xlix.
403 236 424 259 e,
456 227 610 268 ζωγράφου
631 229 662 258 δὲ
684 227 871 268 ἀνασχέσθαι
893 226 910 266 ἢ
931 227 1066 258 πλάστου
1083 227 1110 254 Α
1127 227 1228 257 locum
1246 228 1356 257 AEneae
1373 228 1480 258 Gazaei
1497 229 1527 258 in
1545 229 1647 270 Epist.
1666 230 1752 261 XII.
1769 232 1892 264 exhibet
1910 234 1972 265 Fa-

223 283 364 312 τοσοῦτον
388 280 509 317 ἀπηξίου
536 292 561 309 κ.
579 291 603 310 τ.
620 279 667 320 λ.]
703 278 826 309 “Idem
853 278 891 308 de
919 277 1066 319 Agesilao

221 337 347 362 narrant
364 330 471 361 Cicero
488 330 524 360 V.
544 339 593 360 11.
610 329 710 371 Epist.
744 329 931 360 Plutarchus
947 341 977 371 p.
991 330 1063 369 596.

221 389 251 412 et
282 381 393 412 Suidas
426 381 457 411 in
486 380 558 419 μήτε
587 381 735 411 πλαστάν.
789 380 934 411 Similiter
964 392 1065 422 neque

220 432 294 474 fingi
314 443 414 474 neque
434 431 518 473 pingi
543 443 573 462 se
589 431 686 462 voluit
704 431 822 462 Accius
843 433 940 462 Poeta
962 439 993 462 et
1017 443 1062 462 re-

220 483 300 514 centi
316 490 405 513 aetate
422 482 581 524 Angerius
598 482 807 524 Busbequii1S‚
822 483 950 513 Gabriel
970 483 1064 513 Palae-

218 540 298 571 otus,
315 534 444 564 Marcus
464 532 617 570 Velserus,
636 534 690 564 Jo.
710 534 889 565 Vincentius
913 534 1062 571 Pinellns,

218 585 356 616 Jacobus
384 585 560 621 Gretserus,
585 585 725 615 Thomas
748 584 935 623 Gatakerus,
960 586 1061 616 Anto-
1082 588 1105 614 B

219 637 287 667 nius
311 635 499 673 Varillasius,
523 635 663 666 Valerius
690 636 919 678 Herbergerus,
946 638 1065 679 Caspar

220 687 392 730 Scioppius,
404 686 582 717 Vincentius
599 687 740 718 Placcius
754 694 858 718 noster
873 695 902 719 et
921 688 967 718 vir
983 700 1065 719 sum-

218 750 287 770 mus
303 739 353 770 Jo.
371 738 605 769 Mabillonins.”
628 739 755 770 Fabric.
801 739 855 769 Ad
872 739 973 769 locum
994 739 1064 770 Plu-

218 791 315 822 tarchi
339 803 358 822 a
380 791 523 821 Fabricio
545 790 706 821 laudatum
732 790 812 821 adde
836 803 867 833 p.
891 801 960 831 191.
978 791 1009 821 d.
1034 799 1064 822 et

217 842 330 874 adhibe
356 842 591 884 Wyttenbachii
623 842 812 873 Animadvv.
844 854 873 884 p.
898 851 990 882 1107.
1017 854 1063 884 sq.

218 894 311 926 Conf.
327 894 418 924 etiam
442 894 545 936 Coray
566 893 605 924 ad
626 893 786 924 Plutarch.
804 893 924 935 Agesil.
944 905 975 935 p.
988 902 1063 935 342.

218 945 465 982 Recentioribus,
487 956 504 975 a
528 945 671 975 Fabricio
694 946 880 983 memoratis,
897 953 965 987 post
991 946 1062 975 Ma-

217 996 376 1028 billonium
405 996 542 1038 adjunge
566 996 605 1027 L.
630 997 668 1027 C.
687 996 939 1027 Valckenaerium
964 996 1062 1027 11111111.

218 1049 298 1080 Rem
322 1055 426 1078 narrat
444 1047 709 1090 VVyttenbachius
735 1047 765 1078 in
787 1048 858 1078 Vita
883 1047 1065 1078 Ruhnkenii

218 1112 248 1143 p.
269 1109 337 1140 140.

218 1159 263 1182 est
286 1150 371 1193 quod
394 1150 533 1181 dicamus
555 1156 624 1192 post
648 1150 829 1181 Fischerum
854 1150 883 1180 in
910 1150 1010 1181 Indic.
1033 1150 1063 1180 in

219 1202 361 1233 AEschin.
379 1202 495 1232 Socrat.
512 1202 570 1232 sub
587 1213 652 1232 voc.
676 1202 838 1242 ἀνέχεσθαι
857 1201 922 1241 (11111
939 1201 1062 1232 Phavo-

219 1254 276 1285 rini
292 1253 400 1296 regula
422 1252 548 1284 laudata
563 1253 652 1283 fluxit
668 1265 705 1283 ex
723 1253 881 1284 Eustathii
900 1254 1064 1283 Commen-

383 1100 433 1129 De
458 1099 684 1130 constructione
708 1099 793 1129 verbi
818 1098 980 1139 ἀνέχεσθαι
1003 1110 1063 1129 non

219 1305 304 1336 tariis
329 1305 360 1335 in
387 1304 499 1347 Odyss
526 1305 630 1335 XIX.
654 1312 702 1343 27.
729 1316 762 1346 p.
784 1305 856 1335 680.
880 1314 925 1336 12.
952 1304 1061 1344 Basil.)
1082 1306 1108 1332 D

220 1359 290 1388 Ast.
311 1356 349 1387 ad
372 1355 495 1386 Platon.
517 1355 688 1397 Rempubl.
711 1367 743 1397 p.
759 1364 831 1396 592.
852 1362 882 1386 et
897 1367 927 1397 p.
946 1356 1018 1396 625.
1034 1363 1064 1386 et

220 1408 337 1440 Matth.
355 1408 411 1438 Gr.
427 1418 473 1449 gr.
492 1407 604 1448 §.359.
621 1418 650 1448 p.
662 1407 733 1447 673.
762 1407 843 1437 conf.
862 1418 892 1448 p.
909 1416 999 1447 1315.
1015 1406 1063 1436 ed.

218 1460 306 1491 alter.
351 1459 405 1489 Ad
424 1458 592 1489 locutiones
614 1457 728 1488 adhibe
742 1457 862 1488 Juliani
880 1458 1063 1499 Imperator.

219 1511 320 1554 Epist.
337 1511 376 1541 ad
398 1509 601 1540 Alexandrin.
621 1509 753 1539 LVIII.
770 1520 801 1550 p.
819 1518 886 1539 110.
909 1508 956 1539 ed.
976 1509 1064 1550 Hey-

218 1563 287 1594 ler.:
319 1561 423 1601 ἀνδρὸς
449 1561 482 1592 οὗ
509 1564 586 1600 φατε
611 1562 715 1591 ποθεῖν
739 1561 839 1591 εἰκόνα
867 1560 913 1590 καὶ
937 1560 1063 1600 μορφήν.

219 1614 309 1646 Idem
331 1613 370 1644 ad
391 1612 539 1655 pictorem
557 1611 665 1642 LXV.
681 1623 710 1653 p.
730 1621 803 1652 134:
836 1612 878 1641 Σύ
899 1624 948 1650 μοι
972 1612 1063 1641 ἁλλό-

218 1678 299 1705 τριον
321 1666 421 1705 σχῆμα
443 1666 502 1695 πῶς
526 1664 645 1700 ἐδίδους,
669 1664 783 1702 ἔταῖρες
817 1663 892 1693 Οἶόν
915 1675 951 1701 με
979 1662 1062 1698 εἶδες,
1083 1668 1106 1695 Ε

218 1719 351 1748 τοιοῦτον
381 1716 427 1746 καὶ
456 1714 586 1755 γράψον.
640 1715 720 1744 Haec
751 1713 818 1756 ipsa
849 1713 1065 1755 Porphyriana

219 1768 289 1810 plus
325 1767 465 1798 minusve
503 1766 665 1796 immutata
699 1765 838 1796 referunt
871 1764 1062 1807 posteriores.

219 1821 407 1861 Anonymus
429 1818 459 1848 in
485 1817 562 1848 Cod.
587 1824 692 1847 nostro
716 1816 858 1847 Palatino
882 1815 1066 1846 Heidelber-

219 1871 305 1914 gensi
328 1881 373 1900 nr.
395 1879 465 1909 129.
488 1868 541 1899 fol.
561 1875 632 1899 rect.
650 1878 705 1907 41:
731 1869 784 1898 Sn-
810 1870 825 1898 ὁ
848 1871 1002 1900 Πλωτῖινος
1024 1869 1063 1898 εἰ-

221 1923 292 1953 κόνα
308 1923 479 1952 καταλιπεῖν
495 1920 584 1950 αὐτοῦ
604 1919 682 1951 τινὸς
704 1922 855 1958 ζητοῦντος
875 1920 926 1950 οὐκ
947 1919 1063 1958 ἤθελεν·

221 1974 304 2012 ἀρκεῖ
320 1975 376 2013 γὰρ
392 1972 507 2012 ἔλεγεν,
526 1971 541 2001 ὃ
563 1972 581 2010 ἡ
604 1972 693 2010 φύσις
715 1973 838 2002 εἴδωλον
859 1971 928 2009 ἡμῖν
950 1972 1063 2011 περιτέ-

1127 277 1201 308 bric.
1229 278 1259 308 in
1288 278 1370 308 Bibl.
1398 279 1455 309 Gr.
1484 279 1513 309 111
1542 279 1608 309 10(·0
1634 280 1672 310 (10
1700 281 1823 312 Ρ1011110
1849 285 1916 315 vol.
1936 286 1971 315 V.

1126 340 1157 370 p.
1175 330 1248 369 695.
1265 329 1314 359 ed.
1332 329 1455 360 Harles.
1504 331 1583 360 Haec
1605 338 1707 361 31110111
1733 334 1882 364 recusatio
1900 335 1971 366 Plo-

1126 379 1266 422 tini‚quo
1282 380 1383 411 minus
1399 392 1430 411 se
1445 380 1529 422 pingi
1548 381 1649 417 vellet,
1663 382 1827 423 conjuncta
1842 393 1887 415 cst
1903 397 1972 416 cum

1126 431 1193 472 ejus
1209 431 1332 462 decreto
1347 432 1386 462 de
1407 432 1530 462 homine
1545 432 1766 474 quadrifariam
1788 436 1971 476 coghandm

1125 481 1168 511 ita
1191 489 1224 512 nt
1246 482 1337 513 homo
1360 483 1389 513 in
1415 495 1542 525 corpore
1567 484 1708 515 habitans
1732 486 1913 527 paenultinm
1936 488 1974 518 sit

1125 533 1225 575 gradu
1249 534 1447 571 constitutus,
1469 535 1571 577 pictus
1595 535 1697 573 homo,
1715 536 1848 567 deterior
1871 538 1973 575 etiam,

1127 584 1245 616 ultimo.
1278 585 1347 616 vid.
1367 586 1480 617 Plotin.
1498 593 1528 617 et
1546 586 1643 617 Ficin.
1664 588 1733 619 III.
1747 598 1775 629 3.
1794 597 1840 629 15.
1856 600 1887 631 p.
1902 591 1973 629 629.

1126 636 1198 666 infr.
1215 644 1245 667 et
1257 649 1288 678 p.
1302 638 1374 678 630.
1387 638 1426 667 E.
1457 638 1507 668 Cf.
1522 638 1612 668 etiam
1630 650 1662 680 p.
1675 640 1748 679 697.
1763 647 1842 669 extr.
1882 641 1973 678 Quod

1126 688 1236 718 verba:
1263 688 1278 718 ὃ
1301 689 1318 726 ἡ
1342 689 1431 728 φύσις
1452 691 1576 719 εἴδωλον
1596 690 1665 728 ἡμῖν
1685 690 1882 729 περιτέθεικεν
1902 691 1973 722 atti-

1126 748 1188 777 net,
1206 739 1315 770 similia
1334 740 1428 770 habet
1445 740 1691 782 Olympiodorus
1713 741 1742 771 in
1760 741 1899 771 Platonis
1916 743 1974 772 Al-

1125 791 1183 822 cib.
1203 803 1250 833 pr.
1269 792 1348 833 Cap.
1364 791 1403 821 V.
1426 803 1457 833 p.
1473 802 1529 833 51:
1560 793 1607 822 καὶ
1630 795 1689 824 τοῖς
1712 792 1877 831 ἀσωμάτοις
1899 794 1973 833 σχή-

1124 856 1202 881 ματα
1219 843 1265 873 καὶ
1283 843 1393 882 μεγέθη
1410 843 1456 873 καὶ
1476 844 1598 881 σώματα
1613 846 1795 882 περι-τιθεῖσα
1815 844 1843 883 (ἡ
1860 848 1972 883 φαντα-

1126 894 1189 934 σία)
1209 895 1256 925 καὶ
1271 895 1349 936 τόπῳ
1361 895 1565 934 περιορίζουσα
1579 894 1630 925 τὸν
1645 896 1721 925 θεόν.
1762 896 1841 925 Mox
1855 908 1860 926 :
1889 896 1925 927 ὡς
1941 896 1975 933 δή

1127 957 1154 975 τι
1173 948 1230 976 τῶν
1246 946 1338 983 ἄξιοί).
1356 946 1466 985 ἕργωινῑ
1493 945 1607 987 Adjeci
1630 946 1744 977 scilicet
1766 946 1898 977 versioni
1922 946 1975 977 Fi-

1126 995 1265 1032 cinianae,
1283 1008 1346 1038 quo
1363 997 1408 1027 vis
1431 997 1537 1027 ironiae
1559 997 1735 1035 sentiretur,
1752 1011 1824 1040 qum
1840 998 1869 1029 in
1888 1000 1925 1031 ὡς
1941 999 1974 1037 δὴ

1126 1047 1215 1084 inest,
1232 1047 1270 1077 de
1286 1059 1349 1089 qua
1363 1048 1426 1078 vid.
1438 1050 1510 1079 Ast.
1524 1048 1563 1079 ad
1578 1048 1700 1080 Platon.
1716 1050 1842 1081 Phaedr.
1855 1062 1885 1092 p.
1901 1059 1973 1090 272.

1126 1099 1165 1129 ad
1184 1100 1296 1141 Remp.
1316 1100 1343 1130 Ι.
1363 1110 1410 1130 11.
1429 1111 1459 1142 p.
1478 1109 1551 1141 355.
1567 1108 1597 1131 et
1613 1100 1651 1131 de
1667 1100 1777 1131 harum
1793 1101 1973 1132 vocularum

1125 1150 1352 1181 constructione
1376 1152 1491 1181 Osann.
1513 1151 1553 1181 ad
1577 1151 1749 1182 Philemon.
1774 1153 1914 1183 Grannn.
1943 1164 1972 1194 p.

1127 1203 1198 1233 261.
1217 1214 1262 1244 sq.
1280 1210 1310 1232 et
1326 1202 1442 1233 Jacobs
1457 1202 1494 1233 ad
1513 1202 1693 1234 Philostrat.
1712 1204 1833 1246 Imagg.
1850 1215 1882 1246 p.
1899 1212 1972 1242 422.

1127 1254 1182 1284 Cr.

1168 1317 1201 1347 p.
1215 1303 1290 1334 xlix.
1308 1304 1325 1334 f.
1346 1304 1393 1334 καὶ
1409 1307 1596 1335 καθεδεῖσθαι
1613 1305 1700 1336 ἕνεκα
1716 1306 1818 1337 τούτου
1834 1306 1974 1345 ἀρνουμέ-

1127 1356 1193 1398 νου]
1208 1357 1258 1386 1)0
1274 1355 1330 1386 hac
1343 1355 1441 1386 forma
1455 1356 1569 1386 Futuri
1584 1367 1644 1387 non
1661 1364 1706 1387 est
1719 1357 1805 1398 quod
1820 1368 1973 1399 exponam

1126 1414 1196 1449 post
1223 1407 1360 1437 Pierson.
1386 1406 1426 1437 ad
1452 1407 1580 1438 Moerin.
1609 1419 1641 1449 p.
1661 1417 1731 1439 212.
1771 1408 1911 1439 Lobeck.
1934 1408 1974 1438 ad

1127 1458 1297 1500 Phrynich.
1319 1469 1348 1500 p.
1367 1458 1438 1499 269.
1478 1459 1661 1490 Buttmann.
1688 1459 1718 1489 in
1744 1460 1852 1490 Gram.
1877 1460 1973 1502 ampl.

1127 1510 1156 1550 ξ.
1173 1519 1224 1550 94.
1242 1516 1306 1540 not.
1324 1520 1371 1550 19.
1395 1516 1425 1540 et
1442 1510 1469 1549 ξ.
1488 1520 1555 1548 114.
1604 1510 1689 1541 Illud
1711 1511 1881 1542 attentione
1901 1511 1972 1553 dig-

1125 1572 1213 1598 num,
1231 1560 1315 1602 quod
1331 1561 1457 1591 sedendi
1474 1561 1603 1591 verbum
1621 1561 1711 1603 plane
1727 1562 1776 1592 hic
1793 1570 1974 1604 usurpatur,

1126 1619 1161 1643 ut
1182 1623 1237 1642 nos
1259 1623 1461 1654 usurpamus:
1487 1614 1584 1643 finem
1606 1613 1713 1644 Μαῖαν
1727 1615 1837 1644 sitzen.
1884 1613 1974 1644 Alte-

1126 1675 1195 1694 rum
1222 1663 1316 1701 addo,
1338 1663 1423 1706 quod
1446 1663 1537 1694 etiam
1556 1666 1698 1707 pingens
1721 1665 1825 1696 sedere
1848 1664 1971 1696 dicitur.

1127 1715 1335 1746 Philostratus
1351 1715 1413 1745 Vit.
1431 1715 1580 1757 Apollon.
1599 1716 1647 1746 II.
1663 1725 1711 1747 22.
1728 1728 1759 1758 p.
1772 1724 1829 1757 74:
1857 1717 1975 1756 Ζωγρά-

1126 1771 1183 1807 φος
1198 1767 1250 1797 οὖν
1267 1767 1282 1796 ὁ
1299 1766 1577 1798 θεὸς-καταλιπὼν
1593 1767 1625 1797 τὸ
1644 1767 1755 1806 πτηνὸν
1771 1768 1857 1807 ἅρμα,
1876 1768 1922 1808 ἐφ’
1941 1769 1974 1799 οὗ

1125 1819 1281 1857 πορεύεται
1303 1820 1469 1856 διακοσμῶν
1484 1819 1520 1848 τὰ
1541 1818 1605 1849 θεῖά
1625 1831 1657 1849 τε
1681 1819 1728 1849 καὶ
1750 1821 1786 1849 τὰ
1809 1820 1975 1858 ἀνθρώπεια

1127 1868 1292 1907 (Imitatur
1308 1868 1469 1899 Platonem
1492 1869 1522 1899 in
1543 1869 1679 1900 Phaedro
1700 1881 1730 1912 p.
1750 1871 1823 1909 246.
1839 1882 1864 1900 e.
1888 1871 1973 1912 quod

1126 1919 1220 1949 miror
1235 1930 1295 1950 non
1312 1919 1423 1950 vidisse
1441 1920 1612 1961 Clcarium)
1631 1921 1752 1960 κάθηται
1772 1923 1837 1953 τότε
1860 1923 1975 1961 ἀθύρων

1129 1971 1219 2011 (Cod.
1238 1970 1423 2001 Schellersh.
1441 1971 1561 2010 κάθηται
1581 1971 1653 2003 πότε
1673 1973 1709 2005 ὡς
1726 1975 1741 2003 ὁ
1764 1974 1888 2013 ἀθύρων.
1919 1975 1975 2004 Ja-

221 2027 326 2059 θεικεν,
344 2025 390 2054 καὶ
404 2023 442 2061 μὴ
458 2024 580 2054 εἴδωλον
597 2023 717 2053 εἰδώλου
733 2025 839 2062 χρῆναι
857 2025 1063 2063 δημιουργοῦν-
1085 2031 1107 2058 F
1125 2022 1209 2053 cobs.
1236 2022 1276 2052 ad
1305 2023 1429 2064 Imagg.
1457 2035 1487 2065 p.
1510 2031 1579 2064 195.
1598 2024 1635 2054 B.
1659 2025 1725 2055 τότε
1752 2025 1822 2055 ὡσεὶ
1849 2026 1973 2064 ἀθύρων.

221 2088 272 2107 τας
288 2075 484 2105 καταλείπειν.
524 2073 628 2104 David
644 2073 674 2103 in
694 2073 773 2104 cod.
787 2073 885 2104 Paris.
903 2074 923 2105 1.
938 2074 973 2105 l.:
999 2075 1065 2114 περὶ

222 2127 255 2157 οὗ
272 2126 318 2156 καὶ
332 2125 473 2165 λέγουσιν
489 2126 533 2156 ὅτι
554 2124 746 2163 θελησάντων
761 2128 847 2155 τινῶν
863 2127 961 2156 εἰκόνα
978 2126 1066 2156 αὐτοῦ

222 2179 330 2215 στῆσαι
349 2177 400 2206 οὐκ
416 2176 571 2216 ἠνέσχετο,
587 2176 685 2216 λέγων
701 2177 745 2206 ὅτι
761 2177 844 2216 ἀρκεῖ
856 2190 905 2215 μοι
919 2177 952 2207 τὸ
970 2179 1001 2207 ἐκ
1016 2180 1065 2216 τῆς

222 2229 340 2268 φύσεως
355 2228 476 2257 εἴδωλον
492 2228 581 2267 ἔχειν,
599 2228 632 2257 οὐ
648 2227 725 2257 θέλω
743 2228 788 2257 καὶ
805 2229 925 2258 εἰδώλου
942 2230 1065 2259 εἴδωλον

223 2281 288 2318 ἔξω.
336 2277 424 2308 Idem
447 2277 477 2307 in
502 2278 581 2308 Cod.
599 2278 695 2308 Paris.
717 2288 805 2319 1937.
830 2286 860 2309 et
882 2279 912 2308 in
938 2280 1062 2310 11101130.

222 2343 254 2361 n.
271 2340 350 2371 399:
376 2328 567 2367 βουλομένων
588 2329 620 2359 δέ
641 2342 729 2360 τινων
748 2329 910 2360 ἀναθέσθαι
931 2331 1006 2372 αὐτῷ
1024 2332 1061 2361 εἰ-

1126 2073 1216 2114 bene)
1234 2087 1266 2105 τε
1289 2074 1334 2104 καὶ
1349 2074 1473 2114 γράφων
1490 2077 1589 2111 ταῦτα,
1607 2075 1706 2115 ὥσπερ
1722 2077 1750 2106 οἱ
1770 2079 1870 2108 παῖδες
1887 2077 1919 2106 ἐν
1935 2078 1973 2118 τῷ

1126 2125 1257 2167 ψάμμῳ;
1284 2125 1394 2156 Το1·110
1414 2124 1480 2156 loco
1502 2125 1531 2155 in
1556 2126 1720 2167 pingendis
1743 2127 1881 2169 personis
1903 2127 1974 2158 arti-

1126 2176 1229 2206 ficium
1257 2182 1414 2218 spectatur
1437 2177 1556 2207 umbrae
1583 2177 1733 2220 lucisque,
1759 2178 1811 2209 ubi
1837 2179 1974 2210 sedentes

1126 2227 1322 2258 exhibentur.
1370 2227 1516 2259 Philostr.
1534 2229 1655 2271 Imagg.
1676 2230 1726 2260 II.
1742 2239 1792 2271 32.
1817 2230 1848 2260 in
1874 2230 1973 2261 Pala»-

1127 2286 1206 2309 stra:
1234 2281 1388 2317 Καθῆσθαι
1408 2280 1439 2310 δὲ
1455 2280 1508 2318 τὴν
1524 2281 1620 2319 κόρην,
1637 2280 1797 2320 πάνσοφόν
1812 2294 1838 2311 τι
1855 2283 1906 2311 τοῦ
1921 2286 1971 2317 ζω-

1127 2330 1254 2370 γράφου.
1277 2334 1405 2361 πλεῖστα
1420 2332 1476 2371 γὰρ
1492 2334 1551 2363 τοῖς
1572 2331 1744 2370 καθημένοις
1765 2333 1794 2362 αἱ
1814 2333 1901 2362 σκιαί.
1928 2333 1973 2362 καὶ

224 2383 304 2416 κόνα,
322 2381 379 2420 ἔφη
400 2380 444 2409 ὅτι
464 2380 547 2418 ἀρκεῖ
563 2393 611 2417 μοι
631 2380 663 2410 τὸ
685 2381 717 2410 ἐκ
732 2383 781 2418 τῆς
797 2382 914 2420 φύσεως
931 2383 1062 2418 εἴδωλον,
1083 2387 1110 2413 G
1127 2381 1160 2412 τὸ
1192 2384 1335 2420 καθῆσθαι
1366 2382 1451 2420 αὐτῆς
1480 2383 1640 2422 εὔσχημον.
1679 2382 1733 2413 ubi
1761 2382 1822 2413 vid.
1847 2383 1971 2414 Jacobs.

222 2432 357 2464 τουτέστι
379 2430 411 2460 τὸ
435 2433 528 2467 σῶμα,
554 2430 600 2460 καὶ
621 2430 659 2468 μὴ
683 2432 803 2462 εἰδώλου
827 2433 949 2462 εἴδωλον
973 2433 1064 2473 ἔχειν.

224 2482 392 2519 Sahunius,
413 2480 462 2511 cui
483 2480 548 2510 haec
570 2481 709 2511 Parisina
729 2481 838 2519 debeo,
855 2483 993 2524 conjicit:
1021 2484 1067 2514 καὶ

222 2536 261 2574 μὴ
278 2534 393 2565 ἐθέλειν
409 2533 530 2562 εἰδώλου
546 2533 667 2561 εἴδωλον
683 2532 772 2572 ἔχειν,
786 2533 852 2564 νο1;
878 2535 924 2564 καὶ
940 2535 973 2565 οὐ
989 2535 1066 2565 θέλω

390 2583 469 2614 Cod.
485 2583 612 2612 Monac.
630 2582 714 2612 addit
729 2595 735 2612 ι
761 2585 882 2614 εἰδώλου
898 2586 928 2615 δὲ
945 2586 1068 2616 εἴδωλον

224 2637 276 2675 τὴν
292 2636 390 2667 εἰκόνα
406 2635 471 2674 ἔφη.
497 2635 547 2663 τοῦ
562 2635 618 2672 γὰρ
635 2634 768 2671 σώματός
784 2635 866 2665 ἐστιν
882 2636 1068 2674 ἐκτυπώμενα

226 2688 328 2727 (scrib.
345 2698 383 2717 ex
398 2685 494 2716 altero
511 2685 591 2716 Cod.
607 2685 695 2715 Mon.
713 2685 887 2725 ε’κτύπωμα).
931 2686 1067 2717 Similem

224 2587 353 2617 εἰδώλου.

1127 2444 1156 2474 p.
1182 2433 1256 2473 564.
1313 2432 1407 2463 Adde
1437 2433 1568 2465 Junium
1598 2433 1636 2464 de
1667 2434 1794 2465 Pictura
1826 2435 1971 2465 Veterum

1127 2483 1210 2514 hunc
1226 2483 1326 2514 locum
1345 2490 1525 2515 tractantem
1543 2496 1571 2525 p.
1588 2493 1657 2524 171.
1690 2486 1744 2516 Cr.

1170 2546 1202 2576 p.
1220 2534 1295 2565 xlix.
1313 2542 1336 2565 g,
1361 2535 1581 2573 ποιήσας-τὰς
1602 2537 1633 2566 ἐκ
1648 2539 1700 2567 τοῦ
1719 2538 1791 2577 ὁρᾷν
1807 2537 1972 2576 φαντασίας

1126 2585 1361 2625 πληκτικωτέρας
1381 2586 1550 2625 λαμβάνειν
1567 2601 1591 2617 κ.
1605 2600 1630 2617 τ.
1644 2588 1690 2627 λ.]
1716 2587 1770 2617 Ad
1794 2587 1970 2617 universum

1127 2637 1209 2667 hunc
1222 2636 1322 2667 locum
1337 2637 1409 2668 facit
1423 2637 1514 2668 Plato
1527 2637 1724 2679 Republvl.
1736 2649 1765 2679 p.
1776 2638 1848 2675 484.
1860 2648 1887 2678 p.
1902 2646 1970 2677 275.

1128 2687 1228 2719 Bekk.
1247 2688 1292 2718 καὶ
1307 2689 1397 2726 μηδὲν
1412 2689 1534 2727 ἐναργὲς
1550 2690 1582 2719 ἐν
1598 2690 1631 2726 τῇ
1647 2690 1730 2728 ψυχῇ
1747 2688 1864 2727 ἔχοντες
1880 2688 1972 2725 παρά-
