2201 2990
699 131 896 170 LIBER
934 129 1234 175 QUINTUS.
1766 132 1815 182 87

49 230 113 270 44

124 254 183 315 τῷ
218 252 388 297 πλείονι
424 248 547 302 ἴσως,
584 243 634 291 τὸ
662 248 837 301 μᾶλλον
869 245 1202 298 κακοδαιμονεῖν
1232 243 1421 302 γίνεται.
1484 239 1547 285 Τὸ
1584 240 1629 285 δὲ
1665 247 1818 287 πλεῖον

124 322 224 367 ἴσον
255 320 338 379 οὐχ
371 315 464 373 ἅμα
497 316 641 371 ἐστιν,
670 312 770 359 ουδὲ
803 312 854 367 δη
887 316 1041 357 πλεῖον
1066 311 1175 359 ὅλως
1208 309 1389 356 λεκτεον
1415 329 1464 353 το
1493 308 1653 365 μηκέτι
1686 307 1734 354 ὂν
1759 332 1817 373 τῳ

124 389 215 435 ὄντι
241 387 609 446 συναριθμοῦντα.
672 380 735 428 Τὸ
761 381 807 427 δὲ
833 385 911 437 τῆς
938 382 1258 437 εὐδαιμονίας“
1244 379 1342 440 όρον
1367 399 1415 423 τε
1440 398 1513 423 και
1538 376 1677 438 πέρας
1704 376 1816 438 ἔχει,

123 479 194 503 και
220 452 380 501 ταυτὸν
406 455 488 498 ἀεί.
554 454 606 497 Εἰ
640 451 691 497 δέ
721 472 786 500 τις
819 452 892 496 καὶ
927 451 1123 495 ἐνταῦθα
1157 450 1355 497 ἐπίδοσις
1387 467 1508 508 παρα
1535 467 1611 492 τον
1635 448 1821 492 πλείονα

118 522 297 587 χρόνον,
327 521 443 568 ὥστε
471 525 646 578 μᾶλλον
672 522 945 576 εὐδαιμονεῖν
979 521 1038 568 εἰς
1072 539 1233 580 αρετην
1259 513 1511 563 ἐπιδιδόντα
1539 517 1742 572 μείζονα,
1772 517 1848 565 οὐ5

85 615 204 650 Ετην
227 596 420 647 πολυετῆ
446 592 727 647 εὐδαιμονίαν
753 591 945 651 ἀριθμῶν
972 589 1159 644 ἐπαινεῖ,
1191 585 1308 633 ἀλλα
1338 607 1420 641 την
1440 589 1615 642 μᾶλλον
1640 584 1820 646 ’γενομέ-

124 684 203 719 νην
227 660 347 718 τότε,
378 660 451 706 ὅτε
471 664 647 717 μᾶλλον
673 660 812 705 ε’στίν.

188 728 329 777 Ἀλλα
364 731 498 787 διατί,
529 731 565 775 εἰ
598 749 647 774 το
680 749 824 790 παρον
849 731 1023 788 θεωρεῖν
1056 729 1122 772 δεῖ
1147 724 1302 783 μόνον,
1340 746 1412 771 και
1442 745 1506 781 μη
1541 727 1824 784 συναριθμεῖν

123 803 182 864 τῷ
215 820 455 862 γενομενῳ,
484 799 562 844 οὐκ
595 799 667 843 ἐπι
701 802 778 843 τοῦ
806 795 971 858 χρόνον
1004 817 1053 842 το
1088 794 1194 841 αὐτὸ
1227 815 1457 852 ποιουμεν,
1489 790 1606 838 ἀλλα
1642 813 1714 838 και
1748 789 1824 838 τὸν

122 866 460 931 παρεληλυθότα
496 870 555 931 τῷ
591 865 779 928 παρόντι
818 869 1208 927 συναριθμοῦντες,
1247 866 1386 910 πλείω
1422 863 1613 924 λεγομεν
1640 883 1651 917 ;
1708 863 1828 907 διατι
1836 888 1874 908 10

123 939 200 985 οὑν
224 940 307 1000 οὐχ
340 938 443 987 ὅσος
476 940 497 982 ὁ
518 934 698 998 χρόνος,
728 935 956 991 τοσαύτην
980 956 1053 980 και
1086 956 1169 990 την
1195 935 1476 991 εὐδαιμονίαν
1502 933 1712 993 ἐροῦμεν;
1751 952 1824 976 και

124 1011 360 1070 διαιροῖμεν
386 1005 441 1052 ἂν
474 1028 588 1052 κατα
623 1003 703 1055 τὰς
736 1009 813 1051 τοῦ
841 1002 1007 1066 χρόνον
1041 1003 1275 1065 διαιρεσεις
1308 1025 1380 1049 και
1414 1023 1496 1058 την
1526 1002 1820 1057 εὐδαιμονίαν.

88 1079 214 1123 ΡΚαι
250 1074 337 1139 γὰρ
374 1076 429 1122 αὗ
466 1077 526 1139 τῷ
561 1096 748 1136 παροντι
781 1078 1064 1136 μετροῦντες,
1103 1075 1349 1134 ἀδιαίρετον
1386 1071 1526 1127 αὐτην
1560 1091 1821 1126 ποιησομεν.

116 1145 181 1192 H
208 1144 284 1192 τὸν
304 1145 389 1203 μὲν
408 1142 572 1206 χρόνον
599 1146 795 1206 ἀριθμεῖν
819 1165 892 1189 και
913 1164 1073 1200 μηκετι
1099 1141 1206 1187 ὅντα
1232 1144 1310 1187 οὐκ
1336 1139 1521 1197 ἄτοπον,
1546 1140 1727 1201 ἐπείπερ
1752 1161 1825 1185 και

124 1220 212 1262 τῶν
235 1214 482 1277 γενομένων
502 1235 605 1271 μεν,
638 1213 798 1271 μηκέτι
832 1212 878 1258 δε
912 1212 1066 1269 ὅντων,
1097 1209 1279 1273 ἀριθμον
1305 1208 1360 1256 ἂν
1383 1211 1706 1265 ποιησαίμεθα,
1737 1229 1826 1254 οιον
1838 1229 1873 1262 15

126 1289 212 1331 τῶν
237 1281 626 1339 τετελευτηκότων.
690 1284 988 1339 Εὐδαιμονίαν
1013 1281 1059 1327 δε
1088 1302 1248 1337 μηκετι
1282 1280 1424 1325 οὐσαν
1448 1283 1653 1339 παρεῖναι
1677 1277 1827 1339 λέγειν

125 1359 204 1410 τῆς
236 1355 484 1415 παρουσίας
515 1354 720 1409 πλείονα,
752 1350 934 1397 ἄτοπον·
974 1348 1022 1396 τὸ
1053 1371 1138 1407 μεν
1170 1370 1257 1411 γαρ
1292 1350 1563 1405 εὐδαιμονεῖν
1593 1352 1825 1404 συμβεβη-

126 1444 250 1469 κεναι
287 1422 413 1478 ἀξιοῖ.
474 1424 529 1467 O
555 1421 601 1467 δε
620 1419 782 1483 χρόνος
815 1424 836 1466 ὁ
869 1422 1035 1466 πλείων
1066 1440 1189 1480 παρα
1222 1440 1299 1464 τον
1330 1415 1549 1480 παρόντα,
1586 1438 1635 1462 το
1667 1438 1827 1473 μηκετι

85 1510 115 1540 G
127 1493 252 1538 εῖναι.
309 1490 457 1540 ἸΟλως
483 1490 529 1536 δε
554 1495 632 1536 τοῦ
652 1488 818 1552 χρόνον
843 1511 893 1536 το
917 1488 1074 1546 πλεον,
1105 1487 1321 1535 σκεδασιν
1345 1487 1558 1540 βούλεται
1585 1483 1679 1535 ἑνός
1712 1506 1828 1534 τινος

159 1636 177 1651 1.
202 1628 263 1658 ἴσως]
290 1627 346 1650 Cod.
363 1628 411 1650 Ciz,
429 1627 471 1649 ἴσον
487 1626 528 1656 σιἰχ
547 1625 595 1655 α”μα
614 1626 669 1648 ἐστὶν
702 1625 762 1647 θέντα
1281 1624 1346 1654 tigia.

124 1661 182 1689 ἴσως,
195 1661 270 1684 verbis
281 1668 309 1683 ex
321 1660 362 1683 lin.
373 1668 418 1690 seq.
431 1667 552 1690 perperam
564 1659 667 1689 receptis.
737 1666 745 1681 1
754 1666 772 1681 1.
786 1658 891 1682 ‘romb-rm
904 1657 940 1679 καὶ
953 1657 1003 1687 τὴν]
1016 1658 1090 1681 Abest
1102 1658 1139 1679 καὶ
1151 1666 1165 1680 a
1175 1658 1247 1681 Codd.
1319 1664 1352 1685 14.
1371 1656 1405 1678 τὸν
1415 1656 1462 1685 μὲν]
1483 1656 1539 1679 Cod.
1553 1655 1601 1678 Ciz.
1615 1654 1639 1676 τὸ
1650 1655 1694 1682 μὲν.

158 1700 177 1716 z.
196 1692 238 1715 οὐδὲ
250 1692 286 1723 δὴ]
305 1693 361 1715 Cod.
375 1693 449 1715 Mare.
463 1693 494 1714 Α.
506 1692 593 1714 omittit
605 1690 635 1715 δή.
703 1691 785 1714 Darm.
799 1691 874 1713 Marc.
888 1690 917 1713 B.
942 1690 1006 1713 Med.
1020 1691 1052 1713 Α.
1318 1696 1352 1719 ¹5·
1382 1689 1465 1719 ἀριθμου
1490 1687 1525 1717 ἂν]
1562 1688 1637 1710 Abest
1660 1686 1685 1708 [ἕν
1707 1687 1731 1708 111
1755 1686 1827 1709 Codd.

156 1726 178 1748 8.
197 1725 271 1755 Θεωρεῖν
284 1725 325 1754 δεῖ]
341 1725 412 1748 Codd.
426 1725 501 1747 Marc.
514 1725 545 1747 A.
565 1724 632 1747 Mon.
642 1724 668 1747 C.

126 1759 156 1781 Α.
170 1758 223 1781 Vat.
236 1757 267 1780 δεῖ
276 1757 357 1788 θεωρεῖν.

157 1798 179 1819 9.
197 1790 308 1819 γενομένῳ]
330 1790 386 1813 Cod.
401 1790 474 1812 Blarc.
488 1789 514 1812 C.
529 1788 636 1818 γενομένῳ.

157 1823 187 1845 11).
210 1823 274 1845 ἀλλὰ
293 1823 331 1844 καὶ
352 1822 399 1852 τὸν]
419 1822 475 1846 Cod.
495 1822 560 1845 Leid.
582 1822 670 1845 omittit

738 1730 772 1752 13.
792 1724 834 1752 γὰρ
846 1721 874 1744 αὖ
886 1723 929 1752 τῷ]
949 1723 1021 1745 Codd.
1036 1723 1117 1745 Darm.
1132 1722 1207 1745 Marc.
1220 1723 1247 1745 B.
1282 1722 1365 1745 Darm.
1380 1722 1445 1744 Man
1444 1729 1455 1743 ·.
1469 1721 1497 1743 Β.
1521 1720 1585 1743 Med.
1598 1721 1629 1742 A.
1643 1720 1707 1748 Vat.‚
1721 1720 1759 1742 sed
1773 1719 1827 1742 Vat-

704 1756 757 1778 Par.
771 1756 802 1778 A.
814 1761 837 1778 et
849 1763 923 1785 marg
934 1755 1108 1783 Vat.1z'q-a7‚ut
1120 1764 1193 1785 marg.
1203 1756 1246 1778 Ed.
1281 1754 1369 1777 habet
1363 1762 1387 1776 ιιι
1399 1762 1430 1776 m.

702 1788 783 1811 Videri
801 1788 872 1818 possit
890 1788 969 1817 scripffl
971 1796 1006 1811 556
1025 1788 1066 1810 Plo
1068 1788 1110 1810 tim
1104 1797 1130 1811 ιι5
1149 1798 1177 1810 κα
1180 1789 1234 1816 ιιὶγ
1234 1798 1248 1825 'g
1318 1792 1352 1815 17.
1372 1785 1498 1816 παρουσίας]
1518 1785 1615 1812 Οιιιιι65,
1636 1793 1669 1814 pr¹
1669 1790 1719 1807 pter
1738 1784 1785 1806 (iz.
1806 1789 1829 1807 et

702 1821 762 1850 αὐτῷ
779 1821 810 1849 ’τῷ
827 1830 892 1851 πωρον
918 1825 959 1849 ,et
976 1821 1008 1843 sir
1025 1820 1045 1843 16
1040 1821 1080 1850 gi.
1094 1821 1179 1843 editas
1192 1820 1217 1842 F
1212 1829 1251 1843 icl-
1284 1820 1348 1874 Vait⁴⁷
1362 1829 1394 1841 τοι
1381 1829 1416 1850 aeg
1420 1819 1443 1840 νἰν
1459 1819 1548 1848 ;,ιιιιοιΙ
1560 1825 1642 1840 verum
1654 1817 1753 1840 videtur.

702 1862 760 1876 num
776 1862 805 1876 ex
821 1854 961 1882 conjectura.
996 1853 1028 1881 Q
1021 1861 1099 1883 iamq
1093 1861 1147 1875 iam
1165 1861 1192 1876 eo
1208 1853 1251 1875 du-
1365 1850 1419 1873 51)αὸ
1399 1861 1459 1879 αμον
1461 1850 1499 1880 εῖν]
1518 1850 1574 1873 C.0d
1588 1850 1664 1873 Marc.
1678 1849 1703 1872 C.
1717 1849 1781 1872 addit
1800 1848 1828 1871 αὖ.

159 1866 171 1877 [ι

162 1894 196 1910 ιο.
226 1887 405 1919 παρεληλυθότα]
435 1887 491 1910 Cod.
515 1887 563 1910 Ciz.
588 1891 670 1918 παρελ-
702 1891 760 1909 cunt
779 1885 850 1909 etiam
869 1885 981 1908 Codicum
1001 1890 1023 1909 et
1042 1886 1179 1916 mzr1g.Ed.
1201 1893 1251 1908 ves-

129 1994 230 2018 autem
252 1987 351 2030 ipsum
374 1988 464 2019 simul
487 1987 612 2018 forsitan
634 1998 695 2018 non
717 1987 835 2018 existit:
858 1998 957 2029 neque

1000 1995 1056 2025 est,
1083 1994 1197 2017 tantam
1225 1997 1349 2028 quoque
1379 1997 1441 2016 6556
1468 1984 1598 2015 dicimus
1627 1983 1829 2014 felicitatem?

129 2031 252 2061 omnino
276 2032 345 2072 plus
367 2038 411 2062 est
431 2030 606 2068 dicendum,
622 2030 708 2068 dum,
723 2030 807 2072 quod
822 2041 882 2060 non
899 2036 956 2067 est,

1002 2031 1095 2061 F01te
1110 2030 1189 2060 enim
1210 2029 1376 2060 secundum
1394 2027 1537 2070 tempmis
1557 2027 1652 2070 ipsius
1672 2026 1832 2057 divisiones

130 2073 156 2103 ei
172 2073 255 2115 quod
271 2080 326 2112 est,
341 2074 430 2105 simul
445 2081 672 2104 annumeratur.
714 2074 788 2115 Ipsa
804 2085 875 2103 velo
890 2073 955 2103 feli-

130 2116 227 2147 citatis
247 2122 355 2147 natura
373 2124 488 2147 certum
504 2117 657 2158 quendam
678 2128 858 2164 semperque
879 2127 957 2146 eun-

131 2159 200 2189 dem
221 2159 352 2200 possidet
373 2159 543 2190 terminum.
588 2161 660 2190 Jam
677 2171 748 2190 vero
762 2171 785 2189 51
801 2167 831 2190 et
850 2158 899 2189 hic
921 2170 957 2189 cx

131 2202 196 2243 ipsa
225 2201 367 2243 temporis
395 2202 584 2243 longitudine
614 2203 770 2244 profectus
803 2201 957 2240 adveniat,

131 2244 207 2275 adeo
234 2252 268 2274 ut
298 2244 409 2275 virtute
438 2245 632 2286 proficiendo,
662 2245 804 2276 felicltate
833 2256 958 2286 quoque

132 2286 317 2329 pioficiatur‚
334 2298 392 2317 ιιοιι
409 2287 583 2318 diuturnam
600 2288 685 2330 quasi
701 2288 813 2319 multos
834 2299 915 2335 perf
907 2299 959 2318 an-

132 2341 186 2360 nos
222 2329 447 2360 dinumerantes
483 2330 647 2371 probamus
684 2331 868 2368 felicitatem,
898 2330 959 2361 imo

131 2383 208 2411 eam,
223 2384 293 2420 quae
314 2372 409 2414 magis
428 2379 499 2403 tunc
519 2373 598 2404 facta
617 2373 697 2404 dicit=
692 2385 738 2410 ur,
755 2373 878 2415 quando
893 2385 958 2403 ma-

131 2415 178 2457 gis
192 2415 304 2446 existit.

451 2459 564 2489 Quaestio
580 2460 641 2486 Vll.

174 2509 329 2538 Caeterum
345 2517 400 2536 cur
415 2516 494 2542 nam,
511 2505 534 2535 51
556 2517 687 2547 praesens
707 2506 803 2536 solum
824 2513 958 2553 spectare

131 2558 261 2592 oportet,
274 2561 372 2591 neque
385 2559 601 2578 connumerare
616 2555 747 2590 peracto,
762 2559 822 2578 non
838 2560 868 2578 111
885 2556 958 2579 tem-

132 2604 205 2634 pore
234 2604 357 2641 quoque
389 2591 467 2621 idem
498 2591 654 2628 faciamus,
684 2591 736 2621 sed
770 2590 958 2632 praeteritum

132 2636 272 2677 praesenti
292 2641 553 2669 connumerant-35,
573 2634 643 2681 plus
662 2633 805 2675 temporis
827 2634 958 2675 spatium

132 2679 342 2720 appellamus?
389 2678 454 2707 Cur
473 2687 531 2707 ιιοιι
552 2676 656 2719 initur,
673 2684 822 2718 quantum
839 2684 960 2718 tempus

1000 2073 1219 2104 beatitudinem
1236 2072 1342 2115 par-tiri
1356 2071 1435 2102 licet.
1476 2072 1556 2102 Nam
1572 2082 1595 2101 51
1612 2071 1674 2100 5010
1690 2069 1830 2112 praesenti

1000 2116 1172 2153 metiamur,
1200 2115 1389 2146 individuam
1416 2113 1570 2145 faciemus.
1617 2114 1733 2144 Foisan
1760 2123 1832 2142 v·e10

1001 2160 1083 2191 haud
1107 2140 1275 2190 absindum
1299 2157 1389 2188 fuerit
1416 2168 1575 2187 numelare
1598 2163 1718 2198 tempus
1741 2155 1831 2186 etiam

1001 2203 1136 2233 nondum
1165 2202 1304 2233 existens.
1355 2200 1478 2242 Quippe
1503 2211 1573 2230 cum
1598 2210 1703 2230 eorum
1729 2198 1830 2235 etiam,

1001 2258 1072 2288 qum
1096 2245 1278 2288 praeteriere,
1295 2255 1393 2286 neque
1417 2250 1488 2274 sunt
1510 2242 1653 2284 amplius,
1669 2252 1831 2272 numerum

1001 2296 1225 2331 computamus,
1241 2299 1295 2319 ceu
1312 2298 1473 2317 numerum
1489 2285 1713 2316 defunctorum.
1750 2283 1829 2315 Feli-

1001 2333 1120 2363 citatem
1135 2343 1205 2362 velo
1213 2343 1276 2373 lam
1290 2329 1475 2373 praeteritam
1489 2340 1543 2359 nec
1558 2328 1690 2370 amplius
1704 2327 1832 2358 existen-

1002 2383 1073 2411 tem,
1101 2374 1193 2416 siquis
1220 2375 1303 2405 velut
1332 2379 1513 2415 praesentem
1543 2371 1683 2413 praesenti
1712 2372 1831 2417 plurem

1001 2418 1122 2466 dixerit,
1149 2417 1319 2448 aberrabit:
1341 2415 1559 2447 beatitudinem
1584 2425 1715 2455 namque
1737 2412 1832 2444 conti-

1000 2461 1079 2503 gisse
1107 2468 1251 2492 censeret
1302 2461 1443 2501 Tempus
1471 2465 1573 2489 autem
1604 2457 1723 2499 longius
1754 2457 1833 2486 ultra

1002 2516 1135 2547 plaesens
1160 2504 1234 2534 nihil
1256 2502 1350 2540 aliud,
1368 2513 1459 2544 quam
1483 2500 1621 2531 nondum
1644 2512 1706 2530 esse
1730 2499 1831 2529 dicen-

1002 2548 1076 2578 dum
1093 2555 1146 2578 est.
1194 2546 1328 2578 Omnino
1347 2552 1449 2576 autem
1474 2543 1620 2591 temporis
1639 2542 1831 2573 intervallum

1001 2590 1187 2638 productum
1206 2589 1328 2631 longius
1347 2588 1563 2630 dispersionem
1584 2586 1711 2627 alicujus
1732 2583 1830 2619 11111115,

1002 2633 1086 2674 quod
1109 2644 1139 2663 ιιι
1163 2632 1304 2674 praesenti
1320 2638 1375 2668 est,
1391 2629 1618 2676 quodammodo
1633 2627 1831 2658 machinatur.

1003 2677 1200 2717 Quapropter
1220 2682 1299 2705 lecte
1317 2655 1429 2704 dicitur
1451 2671 1627 2704 :eternitatis
1646 2670 1755 2711 imago,
1770 2667 1831 2698 dis-
