<?xml version="1.0" encoding="UTF-8"?>
<!DOCTYPE html PUBLIC "-//W3C//DTD XHTML 1.0 Transitional//EN"
    "http://www.w3.org/TR/xhtml1/DTD/xhtml1-transitional.dtd">
<html xmlns="http://www.w3.org/1999/xhtml" xml:lang="en" lang="en">
 <head>
  <title>
</title>
<meta http-equiv="Content-Type" content="text/html;charset=utf-8" />
  <meta name='ocr-system' content='tesseract 3.04.00' />
  <meta name='ocr-capabilities' content='ocr_page ocr_carea ocr_par ocr_line ocrx_word'/>
</head>
<body>
  <div class='ocr_page' id='page_1' title='image "./plotinioperaomni01plotuoft_0054.png"; bbox 0 0 2201 2990; ppageno 0'>
   <div class='ocr_carea' id='block_1_1' title="bbox 541 275 1640 371">
    <p class='ocr_par' dir='ltr' id='par_1_1' title="bbox 541 275 1640 371">
     <span class='ocr_line' id='line_1_1' title="bbox 541 275 1640 371; baseline -0.008 -2"><span class='ocrx_word' id='word_1_1' title='bbox 541 321 792 368; x_wconf 85' lang='lat' dir='ltr'>INDEX</span> <span class='ocrx_word' id='word_1_2' title='bbox 840 316 1282 364; x_wconf 83' lang='lat' dir='ltr'><strong>APPARATUS</strong></span> <span class='ocrx_word' id='word_1_3' title='bbox 1333 275 1640 371; x_wconf 43' lang='lat' dir='ltr'>CRITICJI,</span> 
     </span>
    </p>
   </div>
   <div class='ocr_carea' id='block_1_2' title="bbox 357 442 1826 496">
    <p class='ocr_par' dir='ltr' id='par_1_2' title="bbox 357 442 1826 496">
     <span class='ocr_line' id='line_1_2' title="bbox 357 442 1826 496; baseline -0.005 -16"><span class='ocrx_word' id='word_1_4' title='bbox 357 450 456 487; x_wconf 79' lang='lat' dir='ltr'>QUO</span> <span class='ocrx_word' id='word_1_5' title='bbox 494 449 548 479; x_wconf 92' lang='lat' dir='ltr'>IN</span> <span class='ocrx_word' id='word_1_6' title='bbox 585 446 917 478; x_wconf 83' lang='lat' dir='ltr'><strong>ADORNANDA</strong></span> <span class='ocrx_word' id='word_1_7' title='bbox 955 442 1219 496; x_wconf 24' lang='lat' dir='ltr'>EDNITIONE</span> <span class='ocrx_word' id='word_1_8' title='bbox 1260 442 1480 472; x_wconf 91' lang='lat' dir='ltr'>PLOTINI</span> <span class='ocrx_word' id='word_1_9' title='bbox 1517 443 1603 473; x_wconf 88' lang='lat' dir='ltr'>USI</span> <span class='ocrx_word' id='word_1_10' title='bbox 1645 443 1826 473; x_wconf 86' lang='lat' dir='ltr'>SUMUS.</span> 
     </span>
    </p>
   </div>
   <div class='ocr_carea' id='block_1_3' title="bbox 960 553 1234 576">
    <p class='ocr_par' dir='ltr' id='par_1_3' title="bbox 960 553 1234 576">
     <span class='ocr_line' id='line_1_3' title="bbox 960 553 1234 576; baseline 0 -1"><span class='ocrx_word' id='word_1_11' title='bbox 960 553 1234 576; x_wconf 36' lang='grc' dir='ltr'>ψ*-</span> 
     </span>
    </p>
   </div>
   <div class='ocr_carea' id='block_1_4' title="bbox 233 648 1958 697">
    <p class='ocr_par' dir='ltr' id='par_1_4' title="bbox 233 648 1958 697">
     <span class='ocr_line' id='line_1_4' title="bbox 233 648 1958 697; baseline -0.005 -7"><span class='ocrx_word' id='word_1_12' title='bbox 233 657 261 690; x_wconf 97' lang='lat' dir='ltr'>I.</span> <span class='ocrx_word' id='word_1_13' title='bbox 293 654 377 690; x_wconf 80' lang='lat' dir='ltr'>Cod.</span> <span class='ocrx_word' id='word_1_14' title='bbox 400 651 568 688; x_wconf 69' lang='lat' dir='ltr'>Cizensis.</span> <span class='ocrx_word' id='word_1_15' title='bbox 596 652 749 697; x_wconf 84' lang='lat' dir='ltr'>Integer,</span> <span class='ocrx_word' id='word_1_16' title='bbox 768 663 846 684; x_wconf 88' lang='lat' dir='ltr'>cum</span> <span class='ocrx_word' id='word_1_17' title='bbox 866 651 951 685; x_wconf 80' lang='lat' dir='ltr'>Vita</span> <span class='ocrx_word' id='word_1_18' title='bbox 970 650 1101 684; x_wconf 90' lang='lat' dir='ltr'>Plotini</span> <span class='ocrx_word' id='word_1_19' title='bbox 1121 661 1141 682; x_wconf 90' lang='lat' dir='ltr'>a</span> <span class='ocrx_word' id='word_1_20' title='bbox 1160 649 1360 693; x_wconf 91' lang='lat' dir='ltr'>Porphyrio</span> <span class='ocrx_word' id='word_1_21' title='bbox 1378 649 1584 692; x_wconf 83' lang='lat' dir='ltr'>conscripta.</span> <span class='ocrx_word' id='word_1_22' title='bbox 1611 648 1768 682; x_wconf 81' lang='lat' dir='ltr'>Collatus</span> <span class='ocrx_word' id='word_1_23' title='bbox 1787 660 1807 682; x_wconf 87' lang='lat' dir='ltr'>a</span> <span class='ocrx_word' id='word_1_24' title='bbox 1825 648 1859 681; x_wconf 90' lang='lat' dir='ltr'>J.</span> <span class='ocrx_word' id='word_1_25' title='bbox 1873 648 1958 682; x_wconf 89' lang='lat' dir='ltr'><strong>Chr.</strong></span> 
     </span>
    </p>
   </div>
   <div class='ocr_carea' id='block_1_5' title="bbox 330 707 1262 755">
    <p class='ocr_par' dir='ltr' id='par_1_5' title="bbox 330 707 1262 755">
     <span class='ocr_line' id='line_1_5' title="bbox 330 707 1262 755; baseline -0.006 -9"><span class='ocrx_word' id='word_1_26' title='bbox 330 710 504 749; x_wconf 61' lang='lat' dir='ltr'>AIuHero,</span> <span class='ocrx_word' id='word_1_27' title='bbox 524 710 708 755; x_wconf 83' lang='lat' dir='ltr'>Gymnasii</span> <span class='ocrx_word' id='word_1_28' title='bbox 728 709 887 743; x_wconf 85' lang='lat' dir='ltr'>Cizensis</span> <span class='ocrx_word' id='word_1_29' title='bbox 906 709 1082 754; x_wconf 89' lang='lat' dir='ltr'>quondam</span> <span class='ocrx_word' id='word_1_30' title='bbox 1103 707 1262 741; x_wconf 81' lang='lat' dir='ltr'>Rectore.</span> 
     </span>
    </p>
   </div>
   <div class='ocr_carea' id='block_1_6' title="bbox 1316 706 1960 752">
    <p class='ocr_par' dir='ltr' id='par_1_6' title="bbox 1316 706 1960 752">
     <span class='ocr_line' id='line_1_6' title="bbox 1316 706 1960 752; baseline 0.003 -14"><span class='ocrx_word' id='word_1_31' title='bbox 1316 706 1373 739; x_wconf 87' lang='lat' dir='ltr'>Ex</span> <span class='ocrx_word' id='word_1_32' title='bbox 1398 706 1504 750; x_wconf 89' lang='lat' dir='ltr'>hujus</span> <span class='ocrx_word' id='word_1_33' title='bbox 1532 707 1598 739; x_wconf 89' lang='lat' dir='ltr'>viri</span> <span class='ocrx_word' id='word_1_34' title='bbox 1623 707 1891 752; x_wconf 87' lang='lat' dir='ltr'>Programmate</span> <span class='ocrx_word' id='word_1_35' title='bbox 1917 707 1960 740; x_wconf 89' lang='lat' dir='ltr'>de</span> 
     </span>
    </p>
   </div>
   <div class='ocr_carea' id='block_1_7' title="bbox 331 764 1960 810">
    <p class='ocr_par' dir='ltr' id='par_1_7' title="bbox 331 764 1960 810">
     <span class='ocr_line' id='line_1_7' title="bbox 331 764 1960 810; baseline -0.004 -6"><span class='ocrx_word' id='word_1_36' title='bbox 331 771 458 804; x_wconf 83' lang='lat' dir='ltr'>Codice</span> <span class='ocrx_word' id='word_1_37' title='bbox 482 769 684 802; x_wconf 87' lang='lat' dir='ltr'>Plotiniano</span> <span class='ocrx_word' id='word_1_38' title='bbox 710 779 741 800; x_wconf 90' lang='lat' dir='ltr'>a.</span> <span class='ocrx_word' id='word_1_39' title='bbox 763 769 868 804; x_wconf 85' lang='lat'>1798.</span> <span class='ocrx_word' id='word_1_40' title='bbox 895 767 1102 810; x_wconf 88' lang='lat' dir='ltr'>conscripto,</span> <span class='ocrx_word' id='word_1_41' title='bbox 1127 766 1162 798; x_wconf 91' lang='lat' dir='ltr'>in</span> <span class='ocrx_word' id='word_1_42' title='bbox 1190 764 1416 798; x_wconf 82' lang='lat' dir='ltr'>annotatione</span> <span class='ocrx_word' id='word_1_43' title='bbox 1443 765 1691 797; x_wconf 81' lang='lat' dir='ltr'>accuratiorem</span> <span class='ocrx_word' id='word_1_44' title='bbox 1719 765 1794 809; x_wconf 85' lang='lat' dir='ltr'>ejus</span> <span class='ocrx_word' id='word_1_45' title='bbox 1821 764 1960 798; x_wconf 87' lang='lat' dir='ltr'>Codicis</span> 
     </span>
    </p>
   </div>
   <div class='ocr_carea' id='block_1_8' title="bbox 331 826 750 861">
    <p class='ocr_par' dir='ltr' id='par_1_8' title="bbox 331 826 750 861">
     <span class='ocr_line' id='line_1_8' title="bbox 331 826 750 861; baseline -0.01 0"><span class='ocrx_word' id='word_1_46' title='bbox 331 828 492 861; x_wconf 80' lang='lat' dir='ltr'>notitiam</span> <span class='ocrx_word' id='word_1_47' title='bbox 513 826 719 859; x_wconf 81' lang='lat' dir='ltr'>exhibemus</span> <span class='ocrx_word' id='word_1_48' title='bbox 728 831 750 857; x_wconf 64' lang='lat'>³.</span> 
     </span>
    </p>
   </div>
   <div class='ocr_carea' id='block_1_9' title="bbox 234 877 1959 923">
    <p class='ocr_par' dir='ltr' id='par_1_9' title="bbox 234 877 1959 923">
     <span class='ocr_line' id='line_1_9' title="bbox 234 877 1959 923; baseline -0.004 -3"><span class='ocrx_word' id='word_1_49' title='bbox 234 888 281 920; x_wconf 87' lang='lat'>11.</span> <span class='ocrx_word' id='word_1_50' title='bbox 313 884 399 920; x_wconf 75' lang='lat' dir='ltr'>Cocl.</span> <span class='ocrx_word' id='word_1_51' title='bbox 420 882 623 918; x_wconf 74' lang='lat' dir='ltr'>Leiclensis.</span> <span class='ocrx_word' id='word_1_52' title='bbox 660 883 834 916; x_wconf 73' lang='lat' dir='ltr'>Praecedit</span> <span class='ocrx_word' id='word_1_53' title='bbox 861 882 993 915; x_wconf 86' lang='lat' dir='ltr'>Plotini</span> <span class='ocrx_word' id='word_1_54' title='bbox 1021 881 1129 915; x_wconf 84' lang='lat' dir='ltr'>Vita:</span> <span class='ocrx_word' id='word_1_55' title='bbox 1165 881 1292 914; x_wconf 86' lang='lat' dir='ltr'>desinit</span> <span class='ocrx_word' id='word_1_56' title='bbox 1318 880 1406 913; x_wconf 89' lang='lat' dir='ltr'>liber</span> <span class='ocrx_word' id='word_1_57' title='bbox 1432 891 1466 923; x_wconf 89' lang='lat' dir='ltr'>p.</span> <span class='ocrx_word' id='word_1_58' title='bbox 1486 882 1567 913; x_wconf 66' lang='lat'>184.</span> <span class='ocrx_word' id='word_1_59' title='bbox 1593 879 1663 913; x_wconf 88' lang='lat' dir='ltr'>Ed.</span> <span class='ocrx_word' id='word_1_60' title='bbox 1684 877 1765 913; x_wconf 88' lang='lat' dir='ltr'>Bas.</span> <span class='ocrx_word' id='word_1_61' title='bbox 1792 880 1959 913; x_wconf 89' lang='lat' dir='ltr'>nimirum</span> 
     </span>
    </p>
   </div>
   <div class='ocr_carea' id='block_1_10' title="bbox 332 941 915 1038">
    <p class='ocr_par' dir='ltr' id='par_1_10' title="bbox 332 941 915 1038">
     <span class='ocr_line' id='line_1_10' title="bbox 333 941 915 976; baseline -0.005 0"><span class='ocrx_word' id='word_1_62' title='bbox 333 943 493 976; x_wconf 88' lang='lat' dir='ltr'>Ennead.</span> <span class='ocrx_word' id='word_1_63' title='bbox 514 942 563 975; x_wconf 94' lang='lat' dir='ltr'>II.</span> <span class='ocrx_word' id='word_1_64' title='bbox 592 942 669 974; x_wconf 91' lang='lat' dir='ltr'>Lib.</span> <span class='ocrx_word' id='word_1_65' title='bbox 690 941 775 974; x_wconf 91' lang='lat' dir='ltr'>VII.</span> <span class='ocrx_word' id='word_1_66' title='bbox 803 941 915 973; x_wconf 88' lang='lat' dir='ltr'>initio.</span> 
     </span>
     <span class='ocr_line' id='line_1_11' title="bbox 332 997 813 1038; baseline -0.008 -3"><span class='ocrx_word' id='word_1_67' title='bbox 332 1002 374 1035; x_wconf 93' lang='lat' dir='ltr'>G.</span> <span class='ocrx_word' id='word_1_68' title='bbox 392 1001 438 1034; x_wconf 93' lang='lat' dir='ltr'>H.</span> <span class='ocrx_word' id='word_1_69' title='bbox 454 999 638 1038; x_wconf 51' lang='lat' dir='ltr'>BIoseru-su</span> <span class='ocrx_word' id='word_1_70' title='bbox 658 997 813 1032; x_wconf 76' lang='lat' dir='ltr'>Leidaeb.</span> 
     </span>
    </p>
   </div>
   <div class='ocr_carea' id='block_1_11' title="bbox 968 937 1642 973">
    <p class='ocr_par' dir='ltr' id='par_1_11' title="bbox 968 937 1642 973">
     <span class='ocr_line' id='line_1_12' title="bbox 968 937 1642 973; baseline -0.006 1"><span class='ocrx_word' id='word_1_71' title='bbox 968 940 1037 973; x_wconf 85' lang='lat' dir='ltr'>Est</span> <span class='ocrx_word' id='word_1_72' title='bbox 1063 940 1231 973; x_wconf 86' lang='lat' dir='ltr'>Codicum</span> <span class='ocrx_word' id='word_1_73' title='bbox 1261 938 1371 971; x_wconf 76' lang='lat' dir='ltr'>Isaaci</span> <span class='ocrx_word' id='word_1_74' title='bbox 1399 937 1515 971; x_wconf 69' lang='lat' dir='ltr'>vossii</span> <span class='ocrx_word' id='word_1_75' title='bbox 1544 937 1642 971; x_wconf 84' lang='lat' dir='ltr'>N.V.</span> 
     </span>
    </p>
   </div>
   <div class='ocr_carea' id='block_1_12' title="bbox 1695 937 1959 971">
    <p class='ocr_par' dir='ltr' id='par_1_12' title="bbox 1695 937 1959 971">
     <span class='ocr_line' id='line_1_13' title="bbox 1695 937 1959 971; baseline 0 0"><span class='ocrx_word' id='word_1_76' title='bbox 1695 937 1854 971; x_wconf 89' lang='lat' dir='ltr'>Contulit</span> <span class='ocrx_word' id='word_1_77' title='bbox 1881 949 1959 971; x_wconf 89' lang='lat' dir='ltr'>eum</span> 
     </span>
    </p>
   </div>
   <div class='ocr_carea' id='block_1_13' title="bbox 235 1053 1965 1323">
    <p class='ocr_par' dir='ltr' id='par_1_13' title="bbox 235 1053 1964 1270">
     <span class='ocr_line' id='line_1_14' title="bbox 235 1053 1962 1101; baseline -0.003 -9"><span class='ocrx_word' id='word_1_78' title='bbox 235 1060 302 1093; x_wconf 90' lang='lat' dir='ltr'>III.</span> <span class='ocrx_word' id='word_1_79' title='bbox 334 1057 421 1092; x_wconf 76' lang='lat' dir='ltr'>Cocl.</span> <span class='ocrx_word' id='word_1_80' title='bbox 440 1054 741 1091; x_wconf 72' lang='lat' dir='ltr'>Dmmstmlinus.</span> <span class='ocrx_word' id='word_1_81' title='bbox 770 1056 922 1101; x_wconf 81' lang='lat' dir='ltr'>Integer,</span> <span class='ocrx_word' id='word_1_82' title='bbox 937 1067 1015 1089; x_wconf 90' lang='lat' dir='ltr'>cum</span> <span class='ocrx_word' id='word_1_83' title='bbox 1030 1055 1116 1088; x_wconf 89' lang='lat' dir='ltr'>Vita</span> <span class='ocrx_word' id='word_1_84' title='bbox 1135 1055 1278 1088; x_wconf 85' lang='lat' dir='ltr'>Plotini.</span> <span class='ocrx_word' id='word_1_85' title='bbox 1316 1054 1401 1087; x_wconf 82' lang='lat' dir='ltr'>Fuit</span> <span class='ocrx_word' id='word_1_86' title='bbox 1419 1054 1500 1087; x_wconf 90' lang='lat' dir='ltr'>olim</span> <span class='ocrx_word' id='word_1_87' title='bbox 1521 1053 1768 1087; x_wconf 58' lang='lat' dir='ltr'>Coloniensisv.</span> <span class='ocrx_word' id='word_1_88' title='bbox 1804 1053 1962 1087; x_wconf 86' lang='lat' dir='ltr'>Collatus</span> 
     </span>
     <span class='ocr_line' id='line_1_15' title="bbox 333 1110 1963 1156; baseline -0.002 -7"><span class='ocrx_word' id='word_1_89' title='bbox 333 1122 385 1150; x_wconf 87' lang='lat' dir='ltr'>est</span> <span class='ocrx_word' id='word_1_90' title='bbox 403 1116 459 1148; x_wconf 87' lang='lat' dir='ltr'>hic</span> <span class='ocrx_word' id='word_1_91' title='bbox 474 1115 593 1148; x_wconf 86' lang='lat' dir='ltr'>Codex</span> <span class='ocrx_word' id='word_1_92' title='bbox 607 1126 627 1147; x_wconf 89' lang='lat' dir='ltr'>a</span> <span class='ocrx_word' id='word_1_93' title='bbox 640 1114 674 1147; x_wconf 86' lang='lat' dir='ltr'>J.</span> <span class='ocrx_word' id='word_1_94' title='bbox 688 1114 729 1147; x_wconf 90' lang='lat' dir='ltr'>L.</span> <span class='ocrx_word' id='word_1_95' title='bbox 744 1112 924 1151; x_wconf 75' lang='lat' dir='ltr'>Bennero,</span> <span class='ocrx_word' id='word_1_96' title='bbox 944 1124 1037 1146; x_wconf 89' lang='lat' dir='ltr'>nunc</span> <span class='ocrx_word' id='word_1_97' title='bbox 1056 1112 1240 1156; x_wconf 88' lang='lat' dir='ltr'>Gymnasii</span> <span class='ocrx_word' id='word_1_98' title='bbox 1256 1111 1434 1144; x_wconf 86' lang='lat' dir='ltr'>Ulmensis</span> <span class='ocrx_word' id='word_1_99' title='bbox 1454 1111 1673 1155; x_wconf 78' lang='lat' dir='ltr'>Praeceptore</span> <span class='ocrx_word' id='word_1_100' title='bbox 1692 1116 1726 1144; x_wconf 85' lang='lat' dir='ltr'>et</span> <span class='ocrx_word' id='word_1_101' title='bbox 1741 1112 1780 1144; x_wconf 87' lang='lat' dir='ltr'>F.</span> <span class='ocrx_word' id='word_1_102' title='bbox 1793 1111 1841 1145; x_wconf 92' lang='lat' dir='ltr'>X.</span> <span class='ocrx_word' id='word_1_103' title='bbox 1862 1110 1963 1145; x_wconf 79' lang='lat' dir='ltr'>lVer-</span> 
     </span>
     <span class='ocr_line' id='line_1_16' title="bbox 319 1169 1964 1219; baseline -0.003 -12"><span class='ocrx_word' id='word_1_104' title='bbox 319 1173 421 1219; x_wconf 59' lang='lat' dir='ltr'>jero,</span> <span class='ocrx_word' id='word_1_105' title='bbox 436 1176 482 1216; x_wconf 75' lang='grc' dir='ltr'>τῷ</span> <span class='ocrx_word' id='word_1_106' title='bbox 499 1172 670 1218; x_wconf 77' lang='grc' dir='ltr'>μακαρίτῃ,</span> <span class='ocrx_word' id='word_1_107' title='bbox 686 1173 768 1205; x_wconf 91' lang='lat' dir='ltr'>olim</span> <span class='ocrx_word' id='word_1_108' title='bbox 788 1172 975 1204; x_wconf 86' lang='lat' dir='ltr'>Seminarii</span> <span class='ocrx_word' id='word_1_109' title='bbox 995 1170 1203 1214; x_wconf 85' lang='lat' dir='ltr'>Philologici</span> <span class='ocrx_word' id='word_1_110' title='bbox 1226 1169 1531 1213; x_wconf 86' lang='lat' dir='ltr'>Heidelbergeusis</span> <span class='ocrx_word' id='word_1_111' title='bbox 1550 1169 1746 1202; x_wconf 80' lang='lat' dir='ltr'>Sodalibus.</span> <span class='ocrx_word' id='word_1_112' title='bbox 1774 1169 1893 1202; x_wconf 88' lang='lat' dir='ltr'>Codex</span> <span class='ocrx_word' id='word_1_113' title='bbox 1911 1174 1964 1203; x_wconf 86' lang='lat' dir='ltr'>est</span> 
     </span>
     <span class='ocr_line' id='line_1_17' title="bbox 333 1224 1305 1270; baseline -0.006 -5"><span class='ocrx_word' id='word_1_114' title='bbox 333 1232 560 1270; x_wconf 70' lang='lat' dir='ltr'>chartaceus,</span> <span class='ocrx_word' id='word_1_115' title='bbox 578 1230 702 1263; x_wconf 71' lang='lat' dir='ltr'>formae</span> <span class='ocrx_word' id='word_1_116' title='bbox 722 1230 898 1268; x_wconf 63' lang='lat' dir='ltr'>maxim-1¹,</span> <span class='ocrx_word' id='word_1_117' title='bbox 916 1229 1021 1262; x_wconf 85' lang='lat' dir='ltr'>seculi</span> <span class='ocrx_word' id='word_1_118' title='bbox 1040 1228 1164 1261; x_wconf 84' lang='lat' dir='ltr'>decimi</span> <span class='ocrx_word' id='word_1_119' title='bbox 1183 1224 1305 1260; x_wconf 70' lang='lat' dir='ltr'>sextid.</span> 
     </span>
    </p>

    <p class='ocr_par' dir='ltr' id='par_1_14' title="bbox 235 1282 1965 1323">
     <span class='ocr_line' id='line_1_18' title="bbox 235 1282 1965 1323; baseline -0.003 0"><span class='ocrx_word' id='word_1_120' title='bbox 235 1290 300 1323; x_wconf 77' lang='lat' dir='ltr'>lv.</span> <span class='ocrx_word' id='word_1_121' title='bbox 331 1287 443 1323; x_wconf 82' lang='lat' dir='ltr'>Codd.</span> <span class='ocrx_word' id='word_1_122' title='bbox 465 1287 714 1321; x_wconf 50' lang='lat' dir='ltr'>Aleuae-enses:</span> <span class='ocrx_word' id='word_1_123' title='bbox 745 1287 883 1320; x_wconf 89' lang='lat' dir='ltr'>Horum</span> <span class='ocrx_word' id='word_1_124' title='bbox 903 1287 1065 1320; x_wconf 83' lang='lat' dir='ltr'>notitiam</span> <span class='ocrx_word' id='word_1_125' title='bbox 1085 1285 1290 1319; x_wconf 78' lang='lat' dir='ltr'>exhibemus</span> <span class='ocrx_word' id='word_1_126' title='bbox 1310 1288 1507 1317; x_wconf 84' lang='lat' dir='ltr'>accuratam</span> <span class='ocrx_word' id='word_1_127' title='bbox 1527 1295 1569 1316; x_wconf 89' lang='lat' dir='ltr'>ex</span> <span class='ocrx_word' id='word_1_128' title='bbox 1588 1283 1731 1317; x_wconf 85' lang='lat' dir='ltr'>Schedis</span> <span class='ocrx_word' id='word_1_129' title='bbox 1751 1283 1791 1317; x_wconf 91' lang='lat' dir='ltr'>F.</span> <span class='ocrx_word' id='word_1_130' title='bbox 1806 1283 1839 1317; x_wconf 91' lang='lat' dir='ltr'>J.</span> <span class='ocrx_word' id='word_1_131' title='bbox 1858 1282 1965 1318; x_wconf 81' lang='lat' dir='ltr'>Goel-</span> 
     </span>
    </p>
   </div>
   <div class='ocr_carea' id='block_1_14' title="bbox 335 1345 944 1390">
    <p class='ocr_par' dir='ltr' id='par_1_15' title="bbox 335 1345 944 1390">
     <span class='ocr_line' id='line_1_19' title="bbox 335 1345 944 1390; baseline -0.005 -10"><span class='ocrx_word' id='word_1_132' title='bbox 335 1345 413 1386; x_wconf 74' lang='lat' dir='ltr'>leri,</span> <span class='ocrx_word' id='word_1_133' title='bbox 433 1347 491 1390; x_wconf 89' lang='lat' dir='ltr'>qui</span> <span class='ocrx_word' id='word_1_134' title='bbox 513 1347 586 1389; x_wconf 83' lang='lat' dir='ltr'>ipse</span> <span class='ocrx_word' id='word_1_135' title='bbox 605 1347 762 1390; x_wconf 84' lang='lat' dir='ltr'>singulos</span> <span class='ocrx_word' id='word_1_136' title='bbox 782 1346 944 1388; x_wconf 79' lang='lat' dir='ltr'>inspexit.</span> 
     </span>
    </p>
   </div>
   <div class='ocr_carea' id='block_1_15' title="bbox 336 1399 1966 1505">
    <p class='ocr_par' dir='ltr' id='par_1_16' title="bbox 336 1399 1966 1505">
     <span class='ocr_line' id='line_1_20' title="bbox 386 1399 1966 1447; baseline -0.003 -9"><span class='ocrx_word' id='word_1_137' title='bbox 386 1407 416 1438; x_wconf 92' lang='lat'>1.</span> <span class='ocrx_word' id='word_1_138' title='bbox 437 1410 457 1422; x_wconf 73' lang='lat'>‘⁶</span> <span class='ocrx_word' id='word_1_139' title='bbox 470 1403 631 1442; x_wconf 73' lang='lat' dir='ltr'>Primus,</span> <span class='ocrx_word' id='word_1_140' title='bbox 648 1404 745 1436; x_wconf 86' lang='lat' dir='ltr'>Mon.</span> <span class='ocrx_word' id='word_1_141' title='bbox 759 1403 805 1437; x_wconf 88' lang='lat' dir='ltr'>A.</span> <span class='ocrx_word' id='word_1_142' title='bbox 825 1404 884 1447; x_wconf 89' lang='lat' dir='ltr'>qui</span> <span class='ocrx_word' id='word_1_143' title='bbox 907 1402 1095 1436; x_wconf 86' lang='lat' dir='ltr'>Enneadas</span> <span class='ocrx_word' id='word_1_144' title='bbox 1111 1400 1263 1439; x_wconf 87' lang='lat' dir='ltr'>exhibet,</span> <span class='ocrx_word' id='word_1_145' title='bbox 1278 1405 1330 1433; x_wconf 87' lang='lat' dir='ltr'>est</span> <span class='ocrx_word' id='word_1_146' title='bbox 1350 1399 1503 1432; x_wconf 88' lang='lat' dir='ltr'>Hardtio</span> <span class='ocrx_word' id='word_1_147' title='bbox 1518 1399 1732 1433; x_wconf 75' lang='lat' dir='ltr'>LXXXVI.</span> <span class='ocrx_word' id='word_1_148' title='bbox 1751 1400 1966 1440; x_wconf 82' lang='lat' dir='ltr'>chartaceus,</span> 
     </span>
     <span class='ocr_line' id='line_1_21' title="bbox 336 1458 1966 1505; baseline -0.002 -10"><span class='ocrx_word' id='word_1_149' title='bbox 336 1470 355 1481; x_wconf 80' lang='lat'>⁶·</span> <span class='ocrx_word' id='word_1_150' title='bbox 374 1463 574 1496; x_wconf 80' lang='lat' dir='ltr'>charactere</span> <span class='ocrx_word' id='word_1_151' title='bbox 601 1462 798 1494; x_wconf 79' lang='lat' dir='ltr'>minusculo</span> <span class='ocrx_word' id='word_1_152' title='bbox 822 1466 855 1494; x_wconf 91' lang='lat' dir='ltr'>et</span> <span class='ocrx_word' id='word_1_153' title='bbox 880 1462 1050 1505; x_wconf 82' lang='lat' dir='ltr'>elegante,</span> <span class='ocrx_word' id='word_1_154' title='bbox 1069 1470 1146 1491; x_wconf 77' lang='lat' dir='ltr'>saec.</span> <span class='ocrx_word' id='word_1_155' title='bbox 1166 1458 1270 1491; x_wconf 71' lang='lat' dir='ltr'>XVI.</span> <span class='ocrx_word' id='word_1_156' title='bbox 1297 1458 1428 1501; x_wconf 88' lang='lat' dir='ltr'>optime</span> <span class='ocrx_word' id='word_1_157' title='bbox 1454 1462 1680 1491; x_wconf 82' lang='lat' dir='ltr'>conservatus</span> <span class='ocrx_word' id='word_1_158' title='bbox 1706 1463 1740 1491; x_wconf 92' lang='lat' dir='ltr'>et</span> <span class='ocrx_word' id='word_1_159' title='bbox 1767 1459 1966 1502; x_wconf 88' lang='lat' dir='ltr'>inscriptus,</span> 
     </span>
    </p>
   </div>
   <div class='ocr_carea' id='block_1_16' title="bbox 336 1520 828 1622">
    <p class='ocr_par' dir='ltr' id='par_1_17' title="bbox 336 1520 828 1622">
     <span class='ocr_line' id='line_1_22' title="bbox 336 1520 828 1564; baseline -0.002 -11"><span class='ocrx_word' id='word_1_160' title='bbox 336 1526 355 1538; x_wconf 84' lang='lat'>··&#39;</span> <span class='ocrx_word' id='word_1_161' title='bbox 375 1520 669 1564; x_wconf 81' lang='lat' dir='ltr'>quemadmodum</span> <span class='ocrx_word' id='word_1_162' title='bbox 691 1520 828 1563; x_wconf 80' lang='lat' dir='ltr'>reliqui.</span> 
     </span>
     <span class='ocr_line' id='line_1_23' title="bbox 338 1578 757 1622; baseline -0.005 -11"><span class='ocrx_word' id='word_1_163' title='bbox 338 1587 356 1596; x_wconf 83' lang='lat'>··</span> <span class='ocrx_word' id='word_1_164' title='bbox 376 1590 443 1622; x_wconf 86' lang='lat' dir='ltr'>que</span> <span class='ocrx_word' id='word_1_165' title='bbox 461 1578 656 1620; x_wconf 82' lang='lat' dir='ltr'>descriptus</span> <span class='ocrx_word' id='word_1_166' title='bbox 675 1578 757 1610; x_wconf 47' lang='lat' dir='ltr'>est?</span> 
     </span>
    </p>
   </div>
   <div class='ocr_carea' id='block_1_17' title="bbox 884 1516 1967 1561">
    <p class='ocr_par' dir='ltr' id='par_1_18' title="bbox 884 1516 1967 1561">
     <span class='ocr_line' id='line_1_24' title="bbox 884 1516 1967 1561; baseline -0.002 -9"><span class='ocrx_word' id='word_1_167' title='bbox 884 1519 917 1552; x_wconf 91' lang='lat' dir='ltr'>Is</span> <span class='ocrx_word' id='word_1_168' title='bbox 942 1519 986 1551; x_wconf 89' lang='lat' dir='ltr'>ab</span> <span class='ocrx_word' id='word_1_169' title='bbox 1006 1517 1159 1551; x_wconf 88' lang='lat' dir='ltr'>Hardtio</span> <span class='ocrx_word' id='word_1_170' title='bbox 1177 1516 1306 1560; x_wconf 88' lang='lat' dir='ltr'>paullo,</span> <span class='ocrx_word' id='word_1_171' title='bbox 1325 1526 1430 1559; x_wconf 87' lang='lat' dir='ltr'>quam</span> <span class='ocrx_word' id='word_1_172' title='bbox 1450 1516 1548 1554; x_wconf 86' lang='lat' dir='ltr'>solet,</span> <span class='ocrx_word' id='word_1_173' title='bbox 1568 1516 1729 1549; x_wconf 85' lang='lat' dir='ltr'>solertius</span> <span class='ocrx_word' id='word_1_174' title='bbox 1748 1516 1967 1561; x_wconf 89' lang='lat' dir='ltr'>diligentius-</span> 
     </span>
    </p>
   </div>
   <div class='ocr_carea' id='block_1_18' title="bbox 338 1630 1968 1790">
    <p class='ocr_par' dir='ltr' id='par_1_19' title="bbox 338 1630 1968 1790">
     <span class='ocr_line' id='line_1_25' title="bbox 387 1630 1858 1673; baseline -0.004 -4"><span class='ocrx_word' id='word_1_175' title='bbox 387 1639 419 1669; x_wconf 73' lang='lat'>²2.</span> <span class='ocrx_word' id='word_1_176' title='bbox 440 1640 459 1653; x_wconf 74' lang='lat'>‘⁶</span> <span class='ocrx_word' id='word_1_177' title='bbox 472 1633 583 1668; x_wconf 76' lang='lat' dir='ltr'>Alter</span> <span class='ocrx_word' id='word_1_178' title='bbox 601 1635 731 1673; x_wconf 80' lang='lat' dir='ltr'>Codex,</span> <span class='ocrx_word' id='word_1_179' title='bbox 752 1634 851 1667; x_wconf 85' lang='lat' dir='ltr'>Mon.</span> <span class='ocrx_word' id='word_1_180' title='bbox 865 1634 906 1667; x_wconf 89' lang='lat' dir='ltr'>B.</span> <span class='ocrx_word' id='word_1_181' title='bbox 927 1644 1073 1667; x_wconf 86' lang='lat' dir='ltr'>numero</span> <span class='ocrx_word' id='word_1_182' title='bbox 1091 1631 1235 1665; x_wconf 76' lang='lat' dir='ltr'>CCXV.</span> <span class='ocrx_word' id='word_1_183' title='bbox 1255 1636 1407 1670; x_wconf 83' lang='lat' dir='ltr'>notatuS,</span> <span class='ocrx_word' id='word_1_184' title='bbox 1427 1630 1651 1671; x_wconf 88' lang='lat' dir='ltr'>chartaceus;</span> <span class='ocrx_word' id='word_1_185' title='bbox 1680 1632 1858 1664; x_wconf 88' lang='lat' dir='ltr'>mutilus.”</span> 
     </span>
     <span class='ocr_line' id='line_1_26' title="bbox 388 1689 1967 1736; baseline -0.002 -10"><span class='ocrx_word' id='word_1_186' title='bbox 388 1696 421 1727; x_wconf 83' lang='lat'>3.</span> <span class='ocrx_word' id='word_1_187' title='bbox 441 1698 461 1711; x_wconf 77' lang='lat'>‘⁶</span> <span class='ocrx_word' id='word_1_188' title='bbox 481 1691 628 1726; x_wconf 71' lang='lat' dir='ltr'>Tertius</span> <span class='ocrx_word' id='word_1_189' title='bbox 645 1693 806 1736; x_wconf 87' lang='lat' dir='ltr'>denique,</span> <span class='ocrx_word' id='word_1_190' title='bbox 823 1692 919 1725; x_wconf 85' lang='lat' dir='ltr'>Mon.</span> <span class='ocrx_word' id='word_1_191' title='bbox 931 1691 970 1724; x_wconf 90' lang='lat' dir='ltr'>C.</span> <span class='ocrx_word' id='word_1_192' title='bbox 990 1696 1042 1723; x_wconf 84' lang='lat' dir='ltr'>est</span> <span class='ocrx_word' id='word_1_193' title='bbox 1057 1689 1321 1724; x_wconf 73' lang='lat' dir='ltr'>CCCCXLIX.</span> <span class='ocrx_word' id='word_1_194' title='bbox 1337 1689 1550 1727; x_wconf 78' lang='lat' dir='ltr'>chartaceus,</span> <span class='ocrx_word' id='word_1_195' title='bbox 1566 1690 1601 1721; x_wconf 92' lang='lat' dir='ltr'>in</span> <span class='ocrx_word' id='word_1_196' title='bbox 1621 1700 1744 1728; x_wconf 84' lang='lat' dir='ltr'>assere,</span> <span class='ocrx_word' id='word_1_197' title='bbox 1760 1690 1853 1723; x_wconf 87' lang='lat' dir='ltr'>corio</span> <span class='ocrx_word' id='word_1_198' title='bbox 1870 1689 1967 1723; x_wconf 83' lang='lat' dir='ltr'>fusco</span> 
     </span>
     <span class='ocr_line' id='line_1_27' title="bbox 338 1747 1968 1790; baseline -0.003 -5"><span class='ocrx_word' id='word_1_199' title='bbox 338 1757 357 1770; x_wconf 65' lang='lat'>‘⁸&#39;</span> <span class='ocrx_word' id='word_1_200' title='bbox 377 1756 500 1790; x_wconf 73' lang='lat' dir='ltr'>tectus,</span> <span class='ocrx_word' id='word_1_201' title='bbox 519 1756 559 1784; x_wconf 92' lang='lat' dir='ltr'>ut</span> <span class='ocrx_word' id='word_1_202' title='bbox 580 1751 721 1784; x_wconf 84' lang='lat' dir='ltr'>IIardtii</span> <span class='ocrx_word' id='word_1_203' title='bbox 745 1750 859 1783; x_wconf 77' lang='lat' dir='ltr'>verbis</span> <span class='ocrx_word' id='word_1_204' title='bbox 878 1754 968 1787; x_wconf 82' lang='lat' dir='ltr'>utar,</span> <span class='ocrx_word' id='word_1_205' title='bbox 987 1749 1097 1781; x_wconf 75' lang='lat' dir='ltr'>literis</span> <span class='ocrx_word' id='word_1_206' title='bbox 1123 1748 1369 1780; x_wconf 81' lang='lat' dir='ltr'>minutissimis</span> <span class='ocrx_word' id='word_1_207' title='bbox 1388 1753 1421 1779; x_wconf 81' lang='lat' dir='ltr'>ct</span> <span class='ocrx_word' id='word_1_208' title='bbox 1440 1747 1671 1785; x_wconf 77' lang='lat' dir='ltr'>nitidissimis,</span> <span class='ocrx_word' id='word_1_209' title='bbox 1690 1748 1763 1780; x_wconf 86' lang='lat' dir='ltr'>sine</span> <span class='ocrx_word' id='word_1_210' title='bbox 1783 1747 1968 1781; x_wconf 89' lang='lat' dir='ltr'>verborum</span> 
     </span>
    </p>
   </div>
   <div class='ocr_carea' id='block_1_19' title="bbox 341 1803 1969 1906">
    <p class='ocr_par' dir='ltr' id='par_1_20' title="bbox 341 1803 1969 1906">
     <span class='ocr_line' id='line_1_28' title="bbox 341 1803 1969 1853; baseline -0.002 -11"><span class='ocrx_word' id='word_1_211' title='bbox 341 1814 359 1828; x_wconf 79' lang='lat'>‘⁶</span> <span class='ocrx_word' id='word_1_212' title='bbox 379 1809 605 1853; x_wconf 80' lang='lat' dir='ltr'>compendiis,</span> <span class='ocrx_word' id='word_1_213' title='bbox 624 1821 701 1842; x_wconf 88' lang='lat' dir='ltr'>cum</span> <span class='ocrx_word' id='word_1_214' title='bbox 727 1809 818 1841; x_wconf 78' lang='lat' dir='ltr'>notis</span> <span class='ocrx_word' id='word_1_215' title='bbox 844 1807 1096 1852; x_wconf 82' lang='lat' dir='ltr'>marginalibus</span> <span class='ocrx_word' id='word_1_216' title='bbox 1116 1803 1297 1850; x_wconf 67' lang='lat' dir='ltr'>Scleegbii‚</span> <span class='ocrx_word' id='word_1_217' title='bbox 1317 1805 1439 1838; x_wconf 82' lang='lat' dir='ltr'>medici</span> <span class='ocrx_word' id='word_1_218' title='bbox 1459 1804 1694 1843; x_wconf 81' lang='lat' dir='ltr'>Budissensis,</span> <span class='ocrx_word' id='word_1_219' title='bbox 1713 1805 1813 1849; x_wconf 83' lang='lat' dir='ltr'>eujus</span> <span class='ocrx_word' id='word_1_220' title='bbox 1830 1805 1866 1838; x_wconf 91' lang='lat' dir='ltr'>in</span> <span class='ocrx_word' id='word_1_221' title='bbox 1885 1804 1969 1838; x_wconf 88' lang='lat' dir='ltr'>folio</span> 
     </span>
     <span class='ocr_line' id='line_1_29' title="bbox 342 1862 1969 1906; baseline -0.004 -6"><span class='ocrx_word' id='word_1_222' title='bbox 342 1872 361 1886; x_wconf 76' lang='lat'>‘⁶</span> <span class='ocrx_word' id='word_1_223' title='bbox 380 1872 499 1900; x_wconf 87' lang='lat' dir='ltr'>assuto</span> <span class='ocrx_word' id='word_1_224' title='bbox 518 1868 561 1900; x_wconf 90' lang='lat' dir='ltr'>ad</span> <span class='ocrx_word' id='word_1_225' title='bbox 577 1864 828 1900; x_wconf 74' lang='lat' dir='ltr'>Hoeschelinm</span> <span class='ocrx_word' id='word_1_226' title='bbox 849 1865 1021 1898; x_wconf 88' lang='lat' dir='ltr'>dedicatio</span> <span class='ocrx_word' id='word_1_227' title='bbox 1039 1869 1164 1897; x_wconf 83' lang='lat' dir='ltr'>exstat.</span> <span class='ocrx_word' id='word_1_228' title='bbox 1192 1863 1250 1896; x_wconf 91' lang='lat' dir='ltr'>Ad</span> <span class='ocrx_word' id='word_1_229' title='bbox 1266 1864 1393 1896; x_wconf 79' lang='lat' dir='ltr'>calcem</span> <span class='ocrx_word' id='word_1_230' title='bbox 1408 1874 1482 1906; x_wconf 87' lang='lat' dir='ltr'>cap.</span> <span class='ocrx_word' id='word_1_231' title='bbox 1495 1862 1619 1895; x_wconf 88' lang='lat' dir='ltr'>XXX.</span> <span class='ocrx_word' id='word_1_232' title='bbox 1640 1862 1819 1895; x_wconf 86' lang='lat' dir='ltr'>Enneadis</span> <span class='ocrx_word' id='word_1_233' title='bbox 1833 1868 1969 1906; x_wconf 86' lang='lat' dir='ltr'>quartae</span> 
     </span>
    </p>
   </div>
   <div class='ocr_carea' id='block_1_20' title="bbox 245 1957 1086 2722">
    <p class='ocr_par' dir='ltr' id='par_1_21' title="bbox 245 1957 1084 2237">
     <span class='ocr_line' id='line_1_30' title="bbox 283 1957 1080 1995; baseline -0.005 -8"><span class='ocrx_word' id='word_1_234' title='bbox 283 1966 296 1978; x_wconf 71' lang='lat'>⁸</span> <span class='ocrx_word' id='word_1_235' title='bbox 321 1960 488 1987; x_wconf 74' lang='lat' dir='ltr'>Inscribitur</span> <span class='ocrx_word' id='word_1_236' title='bbox 504 1960 705 1995; x_wconf 62' lang='lat' dir='ltr'>I&#39;rogramuia:</span> <span class='ocrx_word' id='word_1_237' title='bbox 731 1958 773 1985; x_wconf 82' lang='lat' dir='ltr'>De</span> <span class='ocrx_word' id='word_1_238' title='bbox 790 1957 896 1984; x_wconf 81' lang='lat' dir='ltr'>Codice</span> <span class='ocrx_word' id='word_1_239' title='bbox 914 1957 1016 1983; x_wconf 80' lang='lat' dir='ltr'>Plotini</span> <span class='ocrx_word' id='word_1_240' title='bbox 1034 1957 1080 1983; x_wconf 85' lang='lat' dir='ltr'>Ci-</span> 
     </span>
     <span class='ocr_line' id='line_1_31' title="bbox 245 1997 1080 2036; baseline -0.006 -8"><span class='ocrx_word' id='word_1_241' title='bbox 245 2001 331 2028; x_wconf 74' lang='lat' dir='ltr'>zcnsi.</span> <span class='ocrx_word' id='word_1_242' title='bbox 357 2000 469 2036; x_wconf 72' lang='lat' dir='ltr'>Lipsiae.</span> <span class='ocrx_word' id='word_1_243' title='bbox 493 1999 741 2026; x_wconf 70' lang='lat' dir='ltr'>MDCCXCVIH.</span> <span class='ocrx_word' id='word_1_244' title='bbox 787 1999 836 2025; x_wconf 63' lang='lat' dir='ltr'>Est</span> <span class='ocrx_word' id='word_1_245' title='bbox 859 1998 955 2024; x_wconf 73' lang='lat' dir='ltr'>Codex</span> <span class='ocrx_word' id='word_1_246' title='bbox 979 1997 1080 2024; x_wconf 88' lang='lat' dir='ltr'>biblio-</span> 
     </span>
     <span class='ocr_line' id='line_1_32' title="bbox 245 2038 1081 2076; baseline -0.005 -8"><span class='ocrx_word' id='word_1_247' title='bbox 245 2042 334 2068; x_wconf 79' lang='lat' dir='ltr'>thecae</span> <span class='ocrx_word' id='word_1_248' title='bbox 351 2040 527 2076; x_wconf 74' lang='lat' dir='ltr'>Episcopalis</span> <span class='ocrx_word' id='word_1_249' title='bbox 549 2049 592 2066; x_wconf 91' lang='lat' dir='ltr'>nr.</span> <span class='ocrx_word' id='word_1_250' title='bbox 610 2039 716 2066; x_wconf 77' lang='lat' dir='ltr'>LXIII.</span> <span class='ocrx_word' id='word_1_251' title='bbox 734 2039 801 2065; x_wconf 84' lang='lat' dir='ltr'>olim</span> <span class='ocrx_word' id='word_1_252' title='bbox 821 2038 954 2066; x_wconf 74' lang='lat' dir='ltr'>Reinesii.</span> <span class='ocrx_word' id='word_1_253' title='bbox 970 2038 1081 2065; x_wconf 74' lang='lat' dir='ltr'>charta-</span> 
     </span>
     <span class='ocr_line' id='line_1_33' title="bbox 245 2078 1083 2115; baseline -0.004 -8"><span class='ocrx_word' id='word_1_254' title='bbox 245 2091 321 2113; x_wconf 82' lang='lat' dir='ltr'>ceus,</span> <span class='ocrx_word' id='word_1_255' title='bbox 337 2081 429 2107; x_wconf 84' lang='lat' dir='ltr'>forma</span> <span class='ocrx_word' id='word_1_256' title='bbox 444 2081 567 2107; x_wconf 74' lang='lat' dir='ltr'>maxima</span> <span class='ocrx_word' id='word_1_257' title='bbox 584 2080 614 2114; x_wconf 86' lang='lat' dir='ltr'>(i.</span> <span class='ocrx_word' id='word_1_258' title='bbox 626 2090 648 2106; x_wconf 88' lang='lat' dir='ltr'>e.</span> <span class='ocrx_word' id='word_1_259' title='bbox 665 2080 692 2106; x_wconf 90' lang='lat' dir='ltr'>in</span> <span class='ocrx_word' id='word_1_260' title='bbox 709 2079 790 2111; x_wconf 65' lang='lat' dir='ltr'>folio)</span> <span class='ocrx_word' id='word_1_261' title='bbox 810 2079 920 2115; x_wconf 66' lang='lat' dir='ltr'>paginis</span> <span class='ocrx_word' id='word_1_262' title='bbox 938 2087 1002 2113; x_wconf 78' lang='lat'>744.</span> <span class='ocrx_word' id='word_1_263' title='bbox 1033 2078 1083 2105; x_wconf 67' lang='lat' dir='ltr'>Est</span> 
     </span>
     <span class='ocr_line' id='line_1_34' title="bbox 246 2119 1084 2159; baseline -0.005 -11"><span class='ocrx_word' id='word_1_264' title='bbox 246 2122 452 2159; x_wconf 73' lang='lat' dir='ltr'>apographum,</span> <span class='ocrx_word' id='word_1_265' title='bbox 467 2131 481 2148; x_wconf 87' lang='lat' dir='ltr'>e</span> <span class='ocrx_word' id='word_1_266' title='bbox 498 2121 644 2147; x_wconf 75' lang='lat' dir='ltr'>codicibus</span> <span class='ocrx_word' id='word_1_267' title='bbox 660 2119 779 2146; x_wconf 66' lang='lat' dir='ltr'>sortasse</span> <span class='ocrx_word' id='word_1_268' title='bbox 792 2119 909 2146; x_wconf 62' lang='lat' dir='ltr'>Venetis</span> <span class='ocrx_word' id='word_1_269' title='bbox 925 2119 1084 2155; x_wconf 82' lang='lat' dir='ltr'>descriptus</span> 
     </span>
     <span class='ocr_line' id='line_1_35' title="bbox 247 2160 1083 2190; baseline -0.004 -2"><span class='ocrx_word' id='word_1_270' title='bbox 247 2162 341 2188; x_wconf 75' lang='lat' dir='ltr'>saecul.</span> <span class='ocrx_word' id='word_1_271' title='bbox 357 2162 435 2188; x_wconf 72' lang='lat' dir='ltr'>XVI.</span> <span class='ocrx_word' id='word_1_272' title='bbox 460 2161 508 2188; x_wconf 82' lang='lat' dir='ltr'>sed</span> <span class='ocrx_word' id='word_1_273' title='bbox 533 2167 665 2188; x_wconf 77' lang='lat' dir='ltr'>accurate</span> <span class='ocrx_word' id='word_1_274' title='bbox 689 2161 756 2187; x_wconf 70' lang='lat' dir='ltr'>saxis</span> <span class='ocrx_word' id='word_1_275' title='bbox 780 2166 807 2187; x_wconf 81' lang='lat' dir='ltr'>ct</span> <span class='ocrx_word' id='word_1_276' title='bbox 831 2160 914 2190; x_wconf 82' lang='lat' dir='ltr'>belle,</span> <span class='ocrx_word' id='word_1_277' title='bbox 931 2166 963 2186; x_wconf 91' lang='lat' dir='ltr'>ut</span> <span class='ocrx_word' id='word_1_278' title='bbox 985 2169 1083 2186; x_wconf 84' lang='lat' dir='ltr'>corum</span> 
     </span>
     <span class='ocr_line' id='line_1_36' title="bbox 247 2202 881 2237; baseline -0.005 -8"><span class='ocrx_word' id='word_1_279' title='bbox 247 2202 377 2229; x_wconf 83' lang='lat' dir='ltr'>codicum</span> <span class='ocrx_word' id='word_1_280' title='bbox 394 2212 476 2228; x_wconf 70' lang='lat' dir='ltr'>usum</span> <span class='ocrx_word' id='word_1_281' title='bbox 493 2202 625 2228; x_wconf 67' lang='lat' dir='ltr'>videatur</span> <span class='ocrx_word' id='word_1_282' title='bbox 640 2207 772 2237; x_wconf 60' lang='lat' dir='ltr'>praestare</span> <span class='ocrx_word' id='word_1_283' title='bbox 790 2210 881 2236; x_wconf 73' lang='lat' dir='ltr'>posse.</span> 
     </span>
    </p>

    <p class='ocr_par' dir='ltr' id='par_1_22' title="bbox 248 2240 1086 2722">
     <span class='ocr_line' id='line_1_37' title="bbox 288 2240 1083 2272; baseline -0.005 -3"><span class='ocrx_word' id='word_1_284' title='bbox 288 2240 302 2261; x_wconf 78' lang='lat' dir='ltr'>b</span> <span class='ocrx_word' id='word_1_285' title='bbox 325 2248 341 2256; x_wconf 73' lang='lat'>‘⁸</span> <span class='ocrx_word' id='word_1_286' title='bbox 359 2242 410 2268; x_wconf 83' lang='lat' dir='ltr'>Est</span> <span class='ocrx_word' id='word_1_287' title='bbox 433 2242 618 2272; x_wconf 75' lang='lat' dir='ltr'>Chartaceus,</span> <span class='ocrx_word' id='word_1_288' title='bbox 642 2241 739 2267; x_wconf 67' lang='lat' dir='ltr'>formu*</span> <span class='ocrx_word' id='word_1_289' title='bbox 764 2241 912 2270; x_wconf 67' lang='lat' dir='ltr'>maxinne;</span> <span class='ocrx_word' id='word_1_290' title='bbox 936 2240 1083 2267; x_wconf 81' lang='lat' dir='ltr'>literarum</span> 
     </span>
     <span class='ocr_line' id='line_1_38' title="bbox 248 2281 1083 2320; baseline -0.004 -11"><span class='ocrx_word' id='word_1_291' title='bbox 248 2283 346 2320; x_wconf 84' lang='lat' dir='ltr'>figura,</span> <span class='ocrx_word' id='word_1_292' title='bbox 372 2282 462 2318; x_wconf 82' lang='lat' dir='ltr'>qualis</span> <span class='ocrx_word' id='word_1_293' title='bbox 484 2282 542 2308; x_wconf 80' lang='lat' dir='ltr'>fere</span> <span class='ocrx_word' id='word_1_294' title='bbox 566 2289 608 2308; x_wconf 75' lang='lat' dir='ltr'>est</span> <span class='ocrx_word' id='word_1_295' title='bbox 633 2281 791 2308; x_wconf 80' lang='lat' dir='ltr'>editionum</span> <span class='ocrx_word' id='word_1_296' title='bbox 816 2281 994 2312; x_wconf 77' lang='lat' dir='ltr'>Aldiuarum,</span> <span class='ocrx_word' id='word_1_297' title='bbox 1019 2289 1083 2306; x_wconf 87' lang='lat' dir='ltr'>cum</span> 
     </span>
     <span class='ocr_line' id='line_1_39' title="bbox 249 2320 1083 2359; baseline -0.005 -9"><span class='ocrx_word' id='word_1_298' title='bbox 249 2322 420 2359; x_wconf 80' lang='lat' dir='ltr'>quibusdam</span> <span class='ocrx_word' id='word_1_299' title='bbox 442 2322 619 2358; x_wconf 78' lang='lat' dir='ltr'>compendiis</span> <span class='ocrx_word' id='word_1_300' title='bbox 643 2322 800 2357; x_wconf 68' lang='lat' dir='ltr'>scripturae,</span> <span class='ocrx_word' id='word_1_301' title='bbox 824 2321 872 2347; x_wconf 84' lang='lat' dir='ltr'>sed</span> <span class='ocrx_word' id='word_1_302' title='bbox 896 2321 1002 2347; x_wconf 86' lang='lat' dir='ltr'>munde</span> <span class='ocrx_word' id='word_1_303' title='bbox 1027 2320 1083 2346; x_wconf 82' lang='lat' dir='ltr'>ele-</span> 
     </span>
     <span class='ocr_line' id='line_1_40' title="bbox 249 2360 1085 2401; baseline -0.005 -11"><span class='ocrx_word' id='word_1_304' title='bbox 249 2370 407 2401; x_wconf 84' lang='lat' dir='ltr'>ganterque</span> <span class='ocrx_word' id='word_1_305' title='bbox 430 2363 561 2397; x_wconf 70' lang='lat' dir='ltr'>scriptus.</span> <span class='ocrx_word' id='word_1_306' title='bbox 607 2362 703 2388; x_wconf 73' lang='lat' dir='ltr'>[labet</span> <span class='ocrx_word' id='word_1_307' title='bbox 725 2362 770 2388; x_wconf 89' lang='lat' dir='ltr'>hie</span> <span class='ocrx_word' id='word_1_308' title='bbox 787 2362 883 2387; x_wconf 62' lang='lat' dir='ltr'>codex</span> <span class='ocrx_word' id='word_1_309' title='bbox 900 2361 921 2387; x_wconf 78' lang='lat' dir='ltr'>l.</span> <span class='ocrx_word' id='word_1_310' title='bbox 938 2360 1085 2396; x_wconf 71' lang='lat' dir='ltr'>Porphyrii</span> 
     </span>
     <span class='ocr_line' id='line_1_41' title="bbox 249 2400 1084 2436; baseline -0.005 -6"><span class='ocrx_word' id='word_1_311' title='bbox 249 2404 338 2430; x_wconf 76' lang='lat' dir='ltr'>vitam</span> <span class='ocrx_word' id='word_1_312' title='bbox 355 2402 476 2433; x_wconf 80' lang='lat' dir='ltr'>Plotiui;</span> <span class='ocrx_word' id='word_1_313' title='bbox 500 2402 536 2428; x_wconf 95' lang='lat' dir='ltr'>II.</span> <span class='ocrx_word' id='word_1_314' title='bbox 556 2402 698 2428; x_wconf 78' lang='lat' dir='ltr'>Plotinum</span> <span class='ocrx_word' id='word_1_315' title='bbox 717 2402 751 2427; x_wconf 86' lang='lat' dir='ltr'>ah</span> <span class='ocrx_word' id='word_1_316' title='bbox 768 2401 849 2427; x_wconf 76' lang='lat' dir='ltr'>initio</span> <span class='ocrx_word' id='word_1_317' title='bbox 865 2411 954 2436; x_wconf 73' lang='lat' dir='ltr'>usque</span> <span class='ocrx_word' id='word_1_318' title='bbox 973 2401 1008 2427; x_wconf 88' lang='lat' dir='ltr'>ad</span> <span class='ocrx_word' id='word_1_319' title='bbox 1025 2400 1084 2426; x_wconf 83' lang='lat' dir='ltr'>En-</span> 
     </span>
     <span class='ocr_line' id='line_1_42' title="bbox 251 2441 1085 2477; baseline -0.006 -6"><span class='ocrx_word' id='word_1_320' title='bbox 251 2444 334 2471; x_wconf 75' lang='lat' dir='ltr'>nead.</span> <span class='ocrx_word' id='word_1_321' title='bbox 348 2443 386 2470; x_wconf 83' lang='lat' dir='ltr'>H.</span> <span class='ocrx_word' id='word_1_322' title='bbox 403 2443 452 2469; x_wconf 86' lang='lat' dir='ltr'>lib.</span> <span class='ocrx_word' id='word_1_323' title='bbox 464 2442 529 2468; x_wconf 64' lang='grc' dir='ltr'>ΥΠ.</span> <span class='ocrx_word' id='word_1_324' title='bbox 546 2444 603 2476; x_wconf 80' lang='grc' dir='ltr'>περὶ</span> <span class='ocrx_word' id='word_1_325' title='bbox 618 2444 661 2474; x_wconf 77' lang='grc' dir='ltr'>τῆς</span> <span class='ocrx_word' id='word_1_326' title='bbox 677 2441 707 2467; x_wconf 80' lang='grc' dir='ltr'>δι’</span> <span class='ocrx_word' id='word_1_327' title='bbox 723 2443 789 2467; x_wconf 75' lang='grc' dir='ltr'>ὅλων</span> <span class='ocrx_word' id='word_1_328' title='bbox 804 2443 916 2475; x_wconf 75' lang='grc' dir='ltr'>κράσεως</span> <span class='ocrx_word' id='word_1_329' title='bbox 929 2451 957 2477; x_wconf 88' lang='lat' dir='ltr'>p.</span> <span class='ocrx_word' id='word_1_330' title='bbox 976 2441 1038 2474; x_wconf 77' lang='lat'>184.</span> <span class='ocrx_word' id='word_1_331' title='bbox 1054 2442 1085 2467; x_wconf 78' lang='grc' dir='ltr'>(,ἶ.</span> 
     </span>
     <span class='ocr_line' id='line_1_43' title="bbox 249 2481 1086 2519; baseline -0.006 -8"><span class='ocrx_word' id='word_1_332' title='bbox 249 2486 347 2519; x_wconf 79' lang='grc' dir='ltr'>παρέχῃ</span> <span class='ocrx_word' id='word_1_333' title='bbox 372 2483 425 2518; x_wconf 69' lang='lat' dir='ltr'>(sic</span> <span class='ocrx_word' id='word_1_334' title='bbox 449 2483 525 2517; x_wconf 77' lang='lat' dir='ltr'>cod.)</span> <span class='ocrx_word' id='word_1_335' title='bbox 551 2482 564 2515; x_wconf 81' lang='grc' dir='ltr'>ἡ</span> <span class='ocrx_word' id='word_1_336' title='bbox 587 2483 693 2516; x_wconf 72' lang='grc' dir='ltr'>θάτερον</span> <span class='ocrx_word' id='word_1_337' title='bbox 715 2483 754 2507; x_wconf 75' lang='grc' dir='ltr'>καὶ</span> <span class='ocrx_word' id='word_1_338' title='bbox 776 2484 911 2511; x_wconf 69' lang='grc' dir='ltr'>τοσοῦτον,</span> <span class='ocrx_word' id='word_1_339' title='bbox 932 2482 960 2507; x_wconf 82' lang='lat' dir='ltr'>in</span> <span class='ocrx_word' id='word_1_340' title='bbox 985 2481 1086 2516; x_wconf 80' lang='lat' dir='ltr'>quibus</span> 
     </span>
     <span class='ocr_line' id='line_1_44' title="bbox 250 2521 1084 2559; baseline -0.006 -7"><span class='ocrx_word' id='word_1_341' title='bbox 250 2525 344 2552; x_wconf 83' lang='lat' dir='ltr'>verbis</span> <span class='ocrx_word' id='word_1_342' title='bbox 359 2523 463 2550; x_wconf 79' lang='lat' dir='ltr'>desinit</span> <span class='ocrx_word' id='word_1_343' title='bbox 479 2529 507 2549; x_wconf 90' lang='lat' dir='ltr'>et</span> <span class='ocrx_word' id='word_1_344' title='bbox 524 2522 627 2559; x_wconf 77' lang='lat' dir='ltr'>pagina</span> <span class='ocrx_word' id='word_1_345' title='bbox 646 2528 674 2548; x_wconf 84' lang='lat' dir='ltr'>et</span> <span class='ocrx_word' id='word_1_346' title='bbox 690 2522 828 2548; x_wconf 80' lang='lat' dir='ltr'>Plotinus.</span> <span class='ocrx_word' id='word_1_347' title='bbox 872 2521 924 2547; x_wconf 89' lang='lat'>111.</span> <span class='ocrx_word' id='word_1_348' title='bbox 948 2521 1084 2547; x_wconf 83' lang='lat' dir='ltr'>Proximae</span> 
     </span>
     <span class='ocr_line' id='line_1_45' title="bbox 249 2563 1084 2603; baseline -0.007 -11"><span class='ocrx_word' id='word_1_349' title='bbox 249 2565 359 2603; x_wconf 84' lang='lat' dir='ltr'>paginae</span> <span class='ocrx_word' id='word_1_350' title='bbox 370 2564 484 2591; x_wconf 87' lang='lat' dir='ltr'>initium</span> <span class='ocrx_word' id='word_1_351' title='bbox 498 2569 539 2590; x_wconf 85' lang='lat' dir='ltr'>est</span> <span class='ocrx_word' id='word_1_352' title='bbox 550 2563 814 2593; x_wconf 70' lang='lat' dir='ltr'>subitum—,3wr0u</span> <span class='ocrx_word' id='word_1_353' title='bbox 825 2563 996 2595; x_wconf 71' lang='grc' dir='ltr'>συμβεβηκὸς,</span> <span class='ocrx_word' id='word_1_354' title='bbox 1008 2570 1084 2587; x_wconf 90' lang='lat' dir='ltr'>com-</span> 
     </span>
     <span class='ocr_line' id='line_1_46' title="bbox 250 2601 1085 2641; baseline -0.007 -8"><span class='ocrx_word' id='word_1_355' title='bbox 250 2604 384 2633; x_wconf 87' lang='lat' dir='ltr'>mentarii</span> <span class='ocrx_word' id='word_1_356' title='bbox 405 2603 560 2641; x_wconf 84' lang='lat' dir='ltr'>cujusdam,</span> <span class='ocrx_word' id='word_1_357' title='bbox 577 2609 608 2629; x_wconf 90' lang='lat' dir='ltr'>ut</span> <span class='ocrx_word' id='word_1_358' title='bbox 630 2603 752 2633; x_wconf 77' lang='lat' dir='ltr'>videtur,</span> <span class='ocrx_word' id='word_1_359' title='bbox 772 2602 801 2628; x_wconf 92' lang='lat' dir='ltr'>in</span> <span class='ocrx_word' id='word_1_360' title='bbox 823 2601 1006 2628; x_wconf 77' lang='lat' dir='ltr'>Aristotelem</span> <span class='ocrx_word' id='word_1_361' title='bbox 1028 2603 1085 2635; x_wconf 83' lang='grc' dir='ltr'>περὶ</span> 
     </span>
     <span class='ocr_line' id='line_1_47' title="bbox 250 2641 1083 2680; baseline -0.006 -8"><span class='ocrx_word' id='word_1_362' title='bbox 250 2646 394 2680; x_wconf 78' lang='grc' dir='ltr'><em>ἑρμηνείας;</em></span> <span class='ocrx_word' id='word_1_363' title='bbox 417 2644 485 2671; x_wconf 86' lang='lat' dir='ltr'>folia</span> <span class='ocrx_word' id='word_1_364' title='bbox 499 2650 566 2670; x_wconf 86' lang='lat' dir='ltr'>sunt</span> <span class='ocrx_word' id='word_1_365' title='bbox 581 2643 649 2670; x_wconf 88' lang='lat' dir='ltr'>tria:</span> <span class='ocrx_word' id='word_1_366' title='bbox 674 2643 775 2669; x_wconf 77' lang='lat' dir='ltr'>ultima</span> <span class='ocrx_word' id='word_1_367' title='bbox 789 2642 886 2671; x_wconf 79' lang='lat' dir='ltr'>verba,</span> <span class='ocrx_word' id='word_1_368' title='bbox 903 2648 935 2668; x_wconf 92' lang='lat' dir='ltr'>ut</span> <span class='ocrx_word' id='word_1_369' title='bbox 949 2642 1013 2668; x_wconf 83' lang='lat' dir='ltr'>finis</span> <span class='ocrx_word' id='word_1_370' title='bbox 1028 2641 1083 2668; x_wconf 83' lang='lat' dir='ltr'>dis-</span> 
     </span>
     <span class='ocr_line' id='line_1_48' title="bbox 250 2683 1084 2722; baseline -0.008 -8"><span class='ocrx_word' id='word_1_371' title='bbox 250 2686 424 2722; x_wconf 80' lang='lat' dir='ltr'>putationiS:</span> <span class='ocrx_word' id='word_1_372' title='bbox 448 2686 542 2719; x_wconf 83' lang='grc' dir='ltr'>δίφρου</span> <span class='ocrx_word' id='word_1_373' title='bbox 556 2685 602 2718; x_wconf 83' lang='grc' dir='ltr'>μὲν</span> <span class='ocrx_word' id='word_1_374' title='bbox 616 2685 646 2710; x_wconf 82' lang='grc' dir='ltr'>τὸ</span> <span class='ocrx_word' id='word_1_375' title='bbox 661 2684 772 2715; x_wconf 79' lang='grc' dir='ltr'>καθίσαι,</span> <span class='ocrx_word' id='word_1_376' title='bbox 789 2684 846 2710; x_wconf 80' lang='grc' dir='ltr'>ναὸς</span> <span class='ocrx_word' id='word_1_377' title='bbox 866 2683 893 2709; x_wconf 79' lang='grc' dir='ltr'>δὲ</span> <span class='ocrx_word' id='word_1_378' title='bbox 911 2684 941 2708; x_wconf 82' lang='grc' dir='ltr'>τὸ</span> <span class='ocrx_word' id='word_1_379' title='bbox 958 2683 1032 2708; x_wconf 79' lang='grc' dir='ltr'>πλεῖν</span> <span class='ocrx_word' id='word_1_380' title='bbox 1046 2683 1084 2707; x_wconf 74' lang='grc' dir='ltr'>καὶ</span> 
     </span>
    </p>
   </div>
   <div class='ocr_carea' id='block_1_21' title="bbox 1132 1954 1972 2668">
    <p class='ocr_par' dir='ltr' id='par_1_23' title="bbox 1132 1954 1971 2437">
     <span class='ocr_line' id='line_1_49' title="bbox 1132 1954 1966 1991; baseline 0 -10"><span class='ocrx_word' id='word_1_381' title='bbox 1132 1958 1182 1981; x_wconf 83' lang='grc' dir='ltr'>τῶν</span> <span class='ocrx_word' id='word_1_382' title='bbox 1196 1956 1282 1981; x_wconf 64' lang='grc' dir='ltr'>ἄλλων</span> <span class='ocrx_word' id='word_1_383' title='bbox 1296 1955 1436 1990; x_wconf 79' lang='grc' dir='ltr'>ἀναλόγων.</span> <span class='ocrx_word' id='word_1_384' title='bbox 1480 1954 1530 1982; x_wconf 90' lang='lat' dir='ltr'>IV.</span> <span class='ocrx_word' id='word_1_385' title='bbox 1555 1955 1785 1981; x_wconf 76' lang='lat' dir='ltr'>Commentarius</span> <span class='ocrx_word' id='word_1_386' title='bbox 1800 1954 1829 1980; x_wconf 89' lang='lat' dir='ltr'>in</span> <span class='ocrx_word' id='word_1_387' title='bbox 1845 1954 1966 1991; x_wconf 83' lang='lat' dir='ltr'>Catego-</span> 
     </span>
     <span class='ocr_line' id='line_1_50' title="bbox 1132 1994 1968 2032; baseline -0.001 -9"><span class='ocrx_word' id='word_1_388' title='bbox 1132 1996 1188 2023; x_wconf 82' lang='lat' dir='ltr'>rias</span> <span class='ocrx_word' id='word_1_389' title='bbox 1203 1995 1375 2025; x_wconf 68' lang='lat' dir='ltr'>Aristotelis,</span> <span class='ocrx_word' id='word_1_390' title='bbox 1391 1997 1471 2032; x_wconf 85' lang='lat' dir='ltr'>cujus</span> <span class='ocrx_word' id='word_1_391' title='bbox 1493 1995 1663 2031; x_wconf 87' lang='lat' dir='ltr'>principium</span> <span class='ocrx_word' id='word_1_392' title='bbox 1680 1994 1860 2021; x_wconf 77' lang='lat' dir='ltr'>exhibuimus</span> <span class='ocrx_word' id='word_1_393' title='bbox 1876 1994 1968 2022; x_wconf 90' lang='lat' dir='ltr'>Philo-</span> 
     </span>
     <span class='ocr_line' id='line_1_51' title="bbox 1133 2034 1969 2072; baseline -0.001 -9"><span class='ocrx_word' id='word_1_394' title='bbox 1133 2036 1248 2063; x_wconf 71' lang='lat' dir='ltr'>niathiae</span> <span class='ocrx_word' id='word_1_395' title='bbox 1271 2035 1335 2062; x_wconf 82' lang='lat' dir='ltr'>libri</span> <span class='ocrx_word' id='word_1_396' title='bbox 1353 2035 1389 2062; x_wconf 89' lang='lat'>11.</span> <span class='ocrx_word' id='word_1_397' title='bbox 1406 2036 1433 2062; x_wconf 87' lang='lat' dir='ltr'>in</span> <span class='ocrx_word' id='word_1_398' title='bbox 1453 2036 1520 2062; x_wconf 83' lang='lat' dir='ltr'>fine.</span> <span class='ocrx_word' id='word_1_399' title='bbox 1564 2037 1638 2061; x_wconf 73' lang='lat' dir='ltr'>Sunt</span> <span class='ocrx_word' id='word_1_400' title='bbox 1660 2035 1806 2072; x_wconf 75' lang='lat' dir='ltr'>sexaginta</span> <span class='ocrx_word' id='word_1_401' title='bbox 1828 2034 1895 2061; x_wconf 90' lang='lat' dir='ltr'>folia</span> <span class='ocrx_word' id='word_1_402' title='bbox 1917 2044 1969 2062; x_wconf 90' lang='lat' dir='ltr'>nec</span> 
     </span>
     <span class='ocr_line' id='line_1_52' title="bbox 1134 2075 1968 2111; baseline -0.002 -8"><span class='ocrx_word' id='word_1_403' title='bbox 1134 2083 1231 2104; x_wconf 84' lang='lat' dir='ltr'>tamen</span> <span class='ocrx_word' id='word_1_404' title='bbox 1254 2077 1365 2111; x_wconf 74' lang='lat' dir='ltr'>integer</span> <span class='ocrx_word' id='word_1_405' title='bbox 1387 2075 1467 2107; x_wconf 86' lang='lat' dir='ltr'>liber,</span> <span class='ocrx_word' id='word_1_406' title='bbox 1491 2075 1539 2102; x_wconf 82' lang='lat' dir='ltr'>sed</span> <span class='ocrx_word' id='word_1_407' title='bbox 1564 2076 1640 2102; x_wconf 83' lang='lat' dir='ltr'>exitu</span> <span class='ocrx_word' id='word_1_408' title='bbox 1663 2076 1757 2102; x_wconf 82' lang='lat' dir='ltr'>subito</span> <span class='ocrx_word' id='word_1_409' title='bbox 1784 2081 1812 2102; x_wconf 90' lang='lat' dir='ltr'>et</span> <span class='ocrx_word' id='word_1_410' title='bbox 1837 2075 1968 2111; x_wconf 83' lang='lat' dir='ltr'>abrupto.</span> 
     </span>
     <span class='ocr_line' id='line_1_53' title="bbox 1134 2115 1968 2151; baseline -0.002 -7"><span class='ocrx_word' id='word_1_411' title='bbox 1134 2117 1169 2144; x_wconf 64' lang='lat' dir='ltr'>V.</span> <span class='ocrx_word' id='word_1_412' title='bbox 1186 2116 1332 2143; x_wconf 56' lang='grc' dir='ltr'>Λίιτολιῖκου</span> <span class='ocrx_word' id='word_1_413' title='bbox 1342 2117 1399 2150; x_wconf 76' lang='grc' dir='ltr'>περὶ</span> <span class='ocrx_word' id='word_1_414' title='bbox 1411 2117 1536 2142; x_wconf 79' lang='grc' dir='ltr'>ε’πιτολῶν</span> <span class='ocrx_word' id='word_1_415' title='bbox 1546 2117 1585 2141; x_wconf 79' lang='grc' dir='ltr'>καὶ</span> <span class='ocrx_word' id='word_1_416' title='bbox 1600 2115 1696 2142; x_wconf 62' lang='grc' dir='ltr'>δύσεως</span> <span class='ocrx_word' id='word_1_417' title='bbox 1711 2118 1821 2150; x_wconf 73' lang='grc' dir='ltr'>πρῶτον,</span> <span class='ocrx_word' id='word_1_418' title='bbox 1833 2121 1968 2151; x_wconf 82' lang='lat' dir='ltr'>quatuor-</span> 
     </span>
     <span class='ocr_line' id='line_1_54' title="bbox 1135 2156 1968 2193; baseline -0.002 -9"><span class='ocrx_word' id='word_1_419' title='bbox 1135 2158 1227 2185; x_wconf 81' lang='lat' dir='ltr'>decim</span> <span class='ocrx_word' id='word_1_420' title='bbox 1246 2157 1312 2183; x_wconf 80' lang='lat' dir='ltr'>solia</span> <span class='ocrx_word' id='word_1_421' title='bbox 1327 2166 1391 2183; x_wconf 77' lang='lat' dir='ltr'>cuni</span> <span class='ocrx_word' id='word_1_422' title='bbox 1405 2156 1501 2193; x_wconf 80' lang='lat' dir='ltr'>figuris</span> <span class='ocrx_word' id='word_1_423' title='bbox 1516 2156 1724 2182; x_wconf 85' lang='lat' dir='ltr'>mathematicis</span> <span class='ocrx_word' id='word_1_424' title='bbox 1737 2167 1741 2186; x_wconf 88' lang='lat'>;</span> <span class='ocrx_word' id='word_1_425' title='bbox 1765 2156 1793 2182; x_wconf 91' lang='lat' dir='ltr'>in</span> <span class='ocrx_word' id='word_1_426' title='bbox 1809 2156 1865 2182; x_wconf 88' lang='lat' dir='ltr'>fine</span> <span class='ocrx_word' id='word_1_427' title='bbox 1881 2156 1968 2193; x_wconf 85' lang='lat' dir='ltr'>scrip-</span> 
     </span>
     <span class='ocr_line' id='line_1_55' title="bbox 1135 2196 1970 2232; baseline -0.002 -7"><span class='ocrx_word' id='word_1_428' title='bbox 1135 2205 1195 2225; x_wconf 87' lang='lat' dir='ltr'>tum</span> <span class='ocrx_word' id='word_1_429' title='bbox 1213 2198 1376 2232; x_wconf 55' lang='grc' dir='ltr'>Ῠίψικλεόυς</span> <span class='ocrx_word' id='word_1_430' title='bbox 1394 2197 1554 2231; x_wconf 78' lang='grc' dir='ltr'>ἀναφορικός.</span> <span class='ocrx_word' id='word_1_431' title='bbox 1598 2196 1645 2223; x_wconf 79' lang='lat' dir='ltr'>Sic</span> <span class='ocrx_word' id='word_1_432' title='bbox 1660 2196 1763 2223; x_wconf 74' lang='lat' dir='ltr'>desinit</span> <span class='ocrx_word' id='word_1_433' title='bbox 1779 2196 1877 2223; x_wconf 76' lang='lat' dir='ltr'>Codex</span> <span class='ocrx_word' id='word_1_434' title='bbox 1893 2203 1970 2224; x_wconf 79' lang='lat' dir='ltr'>totus</span> 
     </span>
     <span class='ocr_line' id='line_1_56' title="bbox 1136 2236 1970 2272; baseline -0.001 -7"><span class='ocrx_word' id='word_1_435' title='bbox 1136 2239 1234 2265; x_wconf 87' lang='lat' dir='ltr'>cadem</span> <span class='ocrx_word' id='word_1_436' title='bbox 1251 2237 1490 2272; x_wconf 73' lang='lat' dir='ltr'>nianuscriptus.&#39;’</span> <span class='ocrx_word' id='word_1_437' title='bbox 1535 2236 1602 2262; x_wconf 74' lang='lat' dir='ltr'>Hrec</span> <span class='ocrx_word' id='word_1_438' title='bbox 1618 2236 1867 2272; x_wconf 61' lang='lat' dir='ltr'>XVyttenbachius.</span> <span class='ocrx_word' id='word_1_439' title='bbox 1912 2237 1970 2272; x_wconf 86' lang='lat' dir='ltr'>[Cf.</span> 
     </span>
     <span class='ocr_line' id='line_1_57' title="bbox 1135 2276 1970 2313; baseline -0.001 -8"><span class='ocrx_word' id='word_1_440' title='bbox 1135 2280 1197 2305; x_wconf 85' lang='lat' dir='ltr'>Jac.</span> <span class='ocrx_word' id='word_1_441' title='bbox 1214 2277 1362 2304; x_wconf 81' lang='lat' dir='ltr'>Morellius</span> <span class='ocrx_word' id='word_1_442' title='bbox 1377 2277 1406 2303; x_wconf 90' lang='lat' dir='ltr'>in</span> <span class='ocrx_word' id='word_1_443' title='bbox 1419 2276 1633 2313; x_wconf 70' lang='lat' dir='ltr'>Wyttenbachii</span> <span class='ocrx_word' id='word_1_444' title='bbox 1650 2276 1821 2303; x_wconf 78' lang='lat' dir='ltr'>Philomath.</span> <span class='ocrx_word' id='word_1_445' title='bbox 1837 2277 1900 2304; x_wconf 90' lang='lat' dir='ltr'>libr.</span> <span class='ocrx_word' id='word_1_446' title='bbox 1917 2277 1970 2304; x_wconf 90' lang='lat' dir='ltr'>III.</span> 
     </span>
     <span class='ocr_line' id='line_1_58' title="bbox 1135 2317 1970 2355; baseline -0.001 -10"><span class='ocrx_word' id='word_1_447' title='bbox 1135 2329 1162 2355; x_wconf 89' lang='lat' dir='ltr'>p.</span> <span class='ocrx_word' id='word_1_448' title='bbox 1180 2326 1347 2354; x_wconf 78' lang='lat'>317—320.</span> <span class='ocrx_word' id='word_1_449' title='bbox 1364 2323 1392 2344; x_wconf 89' lang='lat' dir='ltr'>et</span> <span class='ocrx_word' id='word_1_450' title='bbox 1408 2317 1550 2344; x_wconf 69' lang='lat' dir='ltr'>Additam.</span> <span class='ocrx_word' id='word_1_451' title='bbox 1568 2323 1655 2344; x_wconf 84' lang='lat' dir='ltr'>nostr.</span> <span class='ocrx_word' id='word_1_452' title='bbox 1679 2318 1712 2343; x_wconf 87' lang='lat' dir='ltr'>ad</span> <span class='ocrx_word' id='word_1_453' title='bbox 1735 2318 1830 2344; x_wconf 88' lang='lat' dir='ltr'>locum</span> <span class='ocrx_word' id='word_1_454' title='bbox 1853 2317 1887 2344; x_wconf 88' lang='lat' dir='ltr'>de</span> <span class='ocrx_word' id='word_1_455' title='bbox 1908 2317 1970 2344; x_wconf 87' lang='lat' dir='ltr'>Plo-</span> 
     </span>
     <span class='ocr_line' id='line_1_59' title="bbox 1136 2357 1971 2394; baseline -0.002 -8"><span class='ocrx_word' id='word_1_456' title='bbox 1136 2360 1196 2386; x_wconf 88' lang='lat' dir='ltr'>tino</span> <span class='ocrx_word' id='word_1_457' title='bbox 1219 2359 1247 2385; x_wconf 90' lang='lat' dir='ltr'>in</span> <span class='ocrx_word' id='word_1_458' title='bbox 1272 2357 1380 2384; x_wconf 88' lang='lat' dir='ltr'>Fabric.</span> <span class='ocrx_word' id='word_1_459' title='bbox 1398 2357 1429 2384; x_wconf 88' lang='lat' dir='ltr'>B.</span> <span class='ocrx_word' id='word_1_460' title='bbox 1443 2358 1477 2383; x_wconf 87' lang='lat' dir='ltr'>G.</span> <span class='ocrx_word' id='word_1_461' title='bbox 1493 2357 1549 2384; x_wconf 80' lang='lat' dir='ltr'>vol.</span> <span class='ocrx_word' id='word_1_462' title='bbox 1563 2357 1599 2384; x_wconf 73' lang='lat' dir='ltr'>V.</span> <span class='ocrx_word' id='word_1_463' title='bbox 1620 2359 1641 2391; x_wconf 62' lang='grc' dir='ltr'>«ξ.</span> <span class='ocrx_word' id='word_1_464' title='bbox 1655 2357 1721 2384; x_wconf 71' lang='lat' dir='ltr'>VH.</span> <span class='ocrx_word' id='word_1_465' title='bbox 1742 2367 1769 2394; x_wconf 70' lang='lat' dir='ltr'>p,</span> <span class='ocrx_word' id='word_1_466' title='bbox 1786 2358 1854 2393; x_wconf 81' lang='lat'>697.</span> <span class='ocrx_word' id='word_1_467' title='bbox 1877 2358 1906 2384; x_wconf 89' lang='lat' dir='ltr'>iu</span> <span class='ocrx_word' id='word_1_468' title='bbox 1928 2357 1971 2384; x_wconf 84' lang='lat' dir='ltr'>his</span> 
     </span>
     <span class='ocr_line' id='line_1_60' title="bbox 1135 2397 1494 2437; baseline -0.008 -11"><span class='ocrx_word' id='word_1_469' title='bbox 1135 2400 1203 2437; x_wconf 82' lang='lat' dir='ltr'>ipsis</span> <span class='ocrx_word' id='word_1_470' title='bbox 1220 2398 1409 2435; x_wconf 75' lang='lat' dir='ltr'>Prolegomm.</span> <span class='ocrx_word' id='word_1_471' title='bbox 1434 2397 1494 2432; x_wconf 57' lang='lat' dir='ltr'>Cra]</span> 
     </span>
    </p>

    <p class='ocr_par' dir='ltr' id='par_1_24' title="bbox 1136 2437 1972 2595">
     <span class='ocr_line' id='line_1_61' title="bbox 1177 2437 1968 2475; baseline 0 -10"><span class='ocrx_word' id='word_1_472' title='bbox 1177 2444 1189 2458; x_wconf 78' lang='lat'><strong>⁰</strong></span> <span class='ocrx_word' id='word_1_473' title='bbox 1212 2439 1243 2465; x_wconf 93' lang='lat' dir='ltr'>ln</span> <span class='ocrx_word' id='word_1_474' title='bbox 1262 2438 1435 2465; x_wconf 81' lang='lat' dir='ltr'>bibliotheca</span> <span class='ocrx_word' id='word_1_475' title='bbox 1451 2438 1483 2464; x_wconf 93' lang='lat' dir='ltr'>L.</span> <span class='ocrx_word' id='word_1_476' title='bbox 1498 2438 1563 2464; x_wconf 82' lang='lat' dir='ltr'>Bar.</span> <span class='ocrx_word' id='word_1_477' title='bbox 1580 2447 1597 2464; x_wconf 90' lang='lat' dir='ltr'>a</span> <span class='ocrx_word' id='word_1_478' title='bbox 1612 2437 1759 2469; x_wconf 79' lang='lat' dir='ltr'>Huebsch,</span> <span class='ocrx_word' id='word_1_479' title='bbox 1776 2438 1825 2465; x_wconf 92' lang='lat' dir='ltr'>ubi</span> <span class='ocrx_word' id='word_1_480' title='bbox 1840 2438 1949 2475; x_wconf 88' lang='lat' dir='ltr'>inspexi</span> <span class='ocrx_word' id='word_1_481' title='bbox 1963 2450 1968 2465; x_wconf 92' lang='lat'>:</span> 
     </span>
     <span class='ocr_line' id='line_1_62' title="bbox 1137 2478 1972 2516; baseline -0.001 -10"><span class='ocrx_word' id='word_1_482' title='bbox 1137 2485 1237 2516; x_wconf 82' lang='lat' dir='ltr'>postea</span> <span class='ocrx_word' id='word_1_483' title='bbox 1247 2478 1493 2508; x_wconf 71' lang='lat' dir='ltr'>Schleiermaclzeri.</span> <span class='ocrx_word' id='word_1_484' title='bbox 1505 2478 1565 2504; x_wconf 75' lang='lat' dir='ltr'>Viri</span> <span class='ocrx_word' id='word_1_485' title='bbox 1582 2478 1789 2508; x_wconf 75' lang='lat' dir='ltr'>humanissimi,</span> <span class='ocrx_word' id='word_1_486' title='bbox 1801 2478 1972 2506; x_wconf 80' lang='lat' dir='ltr'>liberalitate</span> 
     </span>
     <span class='ocr_line' id='line_1_63' title="bbox 1137 2518 1970 2555; baseline -0.001 -8"><span class='ocrx_word' id='word_1_487' title='bbox 1137 2530 1170 2547; x_wconf 86' lang='lat' dir='ltr'>ex</span> <span class='ocrx_word' id='word_1_488' title='bbox 1194 2519 1367 2546; x_wconf 82' lang='lat' dir='ltr'>bibliotheca</span> <span class='ocrx_word' id='word_1_489' title='bbox 1388 2518 1489 2555; x_wconf 72' lang='lat' dir='ltr'>Magni</span> <span class='ocrx_word' id='word_1_490' title='bbox 1508 2518 1598 2545; x_wconf 87' lang='lat' dir='ltr'>Ducis</span> <span class='ocrx_word' id='word_1_491' title='bbox 1614 2519 1723 2545; x_wconf 69' lang='lat' dir='ltr'>Hassiae</span> <span class='ocrx_word' id='word_1_492' title='bbox 1745 2519 1815 2546; x_wconf 86' lang='lat' dir='ltr'>mihi</span> <span class='ocrx_word' id='word_1_493' title='bbox 1837 2519 1970 2546; x_wconf 85' lang='lat' dir='ltr'>commis—</span> 
     </span>
     <span class='ocr_line' id='line_1_64' title="bbox 1136 2559 1490 2595; baseline -0.003 -8"><span class='ocrx_word' id='word_1_494' title='bbox 1136 2570 1198 2587; x_wconf 90' lang='lat' dir='ltr'>sum</span> <span class='ocrx_word' id='word_1_495' title='bbox 1214 2560 1274 2595; x_wconf 85' lang='lat' dir='ltr'>ipse</span> <span class='ocrx_word' id='word_1_496' title='bbox 1290 2559 1418 2585; x_wconf 81' lang='lat' dir='ltr'>tractavi.</span> <span class='ocrx_word' id='word_1_497' title='bbox 1444 2559 1490 2586; x_wconf 83' lang='lat' dir='ltr'>Cr.</span> 
     </span>
    </p>

    <p class='ocr_par' dir='ltr' id='par_1_25' title="bbox 1136 2598 1972 2668">
     <span class='ocr_line' id='line_1_65' title="bbox 1175 2598 1972 2637; baseline 0.001 -11"><span class='ocrx_word' id='word_1_498' title='bbox 1175 2598 1189 2619; x_wconf 92' lang='lat' dir='ltr'>d</span> <span class='ocrx_word' id='word_1_499' title='bbox 1212 2599 1267 2626; x_wconf 80' lang='lat' dir='ltr'>Est</span> <span class='ocrx_word' id='word_1_500' title='bbox 1289 2599 1483 2637; x_wconf 84' lang='lat' dir='ltr'>apographum</span> <span class='ocrx_word' id='word_1_501' title='bbox 1503 2598 1637 2627; x_wconf 82' lang='lat' dir='ltr'>distincte</span> <span class='ocrx_word' id='word_1_502' title='bbox 1659 2599 1795 2636; x_wconf 86' lang='lat' dir='ltr'>scriptum</span> <span class='ocrx_word' id='word_1_503' title='bbox 1817 2599 1972 2636; x_wconf 85' lang='lat' dir='ltr'>multisque</span> 
     </span>
     <span class='ocr_line' id='line_1_66' title="bbox 1136 2639 1623 2668; baseline 0 -1"><span class='ocrx_word' id='word_1_504' title='bbox 1136 2640 1300 2668; x_wconf 86' lang='lat' dir='ltr'>nominibus</span> <span class='ocrx_word' id='word_1_505' title='bbox 1315 2639 1553 2668; x_wconf 87' lang='lat' dir='ltr'>commendabile.</span> <span class='ocrx_word' id='word_1_506' title='bbox 1577 2639 1623 2667; x_wconf 90' lang='lat' dir='ltr'>Cr.</span> 
     </span>
    </p>
   </div>
  </div>
 </body>
</html>
