2201 2990
655 130 718 170 IN
749 130 858 169 LIB.
881 129 937 169 II.
969 129 1227 169 ENNEAD.
1258 130 1511 172 TERTIAE.

223 231 338 262 ditione
361 238 431 261 sunt
452 235 562 272 partes
610 228 725 258 Utrum
742 237 814 257 vero
830 225 910 256 mala
927 225 968 255 ibi
989 237 1059 268 pro-

224 275 326 316 prium
342 280 492 316 quantum
509 271 587 301 mala
603 277 674 300 sunt
689 269 846 311 exemplar
861 268 1003 305 habeant,
1020 279 1058 298 an

223 329 261 348 cx
277 317 343 359 ipso
358 316 459 358 potius
481 312 646 355 exemplari
664 312 812 342 bonorum
837 311 1057 353 dijudicentur,

222 358 425 402 opportunius
453 357 525 388 alibi
553 362 766 398 pertractatur.
812 354 970 385 Conclude
992 355 1057 396 jam

223 401 441 445 providentiam
459 411 519 430 non
533 398 701 440 vegetalem
718 397 816 428 solum
833 409 917 427 more
932 396 1057 439 plantae,

222 456 326 476 verum
342 443 432 474 etiam
454 441 686 473 intellectualem
711 440 783 471 artis
805 447 835 471 et
858 440 1058 482 providentiae

213 499 314 523 more,
330 486 382 517 sed
398 485 556 523 naturalis,
572 496 670 527 usque
690 484 730 514 ad
751 483 877 514 minima
895 495 926 514 se
946 483 1059 514 diffun-

221 530 301 561 dere.

222 583 392 619 Confirmatio
404 582 486 617 primi
502 581 561 607 libri
576 584 657 615 atque
677 580 806 606 secundi:
829 580 899 615 qnod
917 579 992 606 Deus
1005 579 1057 616 fa-

411 623 474 653 ciat,
491 621 632 656 intelligat,
649 623 724 646 curet
738 620 854 655 singula.

261 662 364 692 XIX.
388 662 499 702 Opera>
514 659 646 701 pretium
662 666 718 695 est,
731 670 801 700 quae
817 666 846 689 et
860 658 890 688 in
906 658 963 689 hoc
979 665 1009 689 et
1024 658 1055 689 in

218 704 356 746 sequenti
381 703 459 734 libro
482 703 520 733 de
547 701 740 744 providentia
766 701 989 743 transiguntur,
1013 701 1056 733 ita

217 747 349 778 breviter
371 747 559 778 confirmare.
605 746 685 776 Cum
709 756 773 775 csse
797 744 912 786 ubique
935 745 973 775 sit
1001 756 1054 785 per

217 791 356 828 formam,
372 798 401 821 et
417 796 569 831 quatenus
584 788 716 819 liabetur
730 788 839 824 forma,
856 796 982 818 eatenus
1003 788 1056 819 ha-

216 834 325 864 beatur
344 840 374 864 et
396 844 470 869 esse,
486 840 580 873 atque
600 831 749 861 vicissim:
776 831 884 861 merito
906 832 1054 873 conjecta-

216 888 285 906 mus
307 876 465 907 essentiam
489 875 619 917 primam
639 874 769 905 formam
786 886 911 916 quoque
926 874 1055 906 existere

216 919 356 961 primam.
402 919 547 949 Formam
564 929 635 948 vero
651 917 780 959 primam
797 925 938 959 oportere
963 925 1054 960 puta-

214 973 283 992 mus
297 961 547 1004 simplicissimam
561 972 624 991 esse
641 960 754 1003 pariter
765 968 858 1002 atque
871 961 1054 991 communis-

214 1005 335 1036 simam:
352 1013 504 1046 quatenus
519 1004 601 1035 entia
615 1004 717 1034 omnia
733 1009 867 1045 superat,
878 1011 907 1034 et
923 1004 1054 1046 concipit

213 1056 307 1090 atque
323 1048 414 1090 parit.
439 1047 670 1089 Simplicitatem
683 1059 755 1077 vero
768 1047 962 1082 uniformem,
973 1059 1054 1078 com-

213 1091 457 1132 munitatemque
472 1091 685 1121 omniformem
702 1090 743 1120 ita
757 1089 882 1120 demum
906 1090 1052 1132 possidet,

213 1135 236 1164 si
260 1134 298 1165 sit
320 1134 502 1171 intellectus,
519 1133 688 1176 praesertim
711 1133 856 1175 quoniam
879 1133 918 1163 ad
941 1133 1051 1164 intelli-

213 1177 347 1218 gentiam
364 1177 507 1218 pertinet,
524 1184 590 1207 tum
606 1177 775 1218 composita
797 1176 946 1207 resolvere
970 1177 1053 1218 peni-

213 1229 264 1251 tus
286 1220 317 1250 in
340 1220 497 1262 simplicia,
515 1228 581 1251 tum
605 1231 652 1250 res
675 1219 809 1261 singulas
825 1219 882 1249 sub
899 1219 1053 1250 universa-

213 1262 325 1294 lissima
340 1263 599 1305 comprehendere
614 1263 720 1293 sorma.
768 1262 872 1293 Prima
892 1262 987 1304 igitur
1007 1275 1052 1294 es-

213 1306 309 1337 sentia
323 1313 368 1337 est
384 1306 484 1348 prima
497 1306 608 1336 forma:
627 1306 725 1348 prima
738 1317 809 1336 vero
821 1306 919 1336 forma
934 1305 1052 1347 primus

213 1356 258 1380 est
274 1349 454 1380 intellectus.
502 1349 594 1387 Quod
610 1349 633 1379 si
650 1349 779 1379 essentia
799 1348 858 1379 illic
882 1360 914 1379 re
934 1349 1000 1390 ipsa
1022 1357 1052 1380 et

212 1392 384 1423 intellectus
404 1399 448 1423 est
468 1392 566 1423 idem:
591 1392 736 1422 nimirum
757 1400 787 1422 et
807 1404 871 1422 esse
893 1399 986 1433 atque
1008 1392 1052 1422 in-

214 1435 349 1477 telligere
364 1435 424 1466 illic
440 1442 484 1466 est
501 1435 637 1466 similiter
653 1434 742 1465 idem.
785 1436 870 1465 Tum
887 1446 958 1465 vero
975 1435 1053 1466 sicut

212 1478 340 1509 essentia
364 1478 431 1509 talis
455 1478 577 1521 passim,
594 1484 648 1509 aut
664 1478 731 1508 talis
746 1478 776 1508 in
793 1489 848 1508 suo
863 1489 974 1519 genere
989 1478 1051 1520 pri-

211 1532 271 1559 ma,
289 1522 447 1564 sequentia
460 1521 533 1552 facit
556 1533 617 1551 non
639 1520 698 1551 alio
719 1520 842 1551 addito:
868 1521 920 1551 sed
936 1533 972 1551 eo
987 1529 1052 1551 tan-

211 1571 278 1594 tum
302 1564 368 1606 ipso
391 1564 473 1606 quod
498 1564 576 1601 talis,
593 1576 648 1595 ceu
673 1563 716 1594 sol
738 1563 870 1594 lucendo
888 1563 1050 1601 illuminat,

212 1607 290 1649 ignis
306 1608 443 1638 calefacit
455 1608 571 1649 ubique
583 1607 722 1638 calendo:
741 1606 781 1637 sic
795 1607 860 1649 ipsa
875 1607 1052 1649 simpliciter

211 1651 341 1681 essentia
357 1651 533 1692 simpliciter
548 1650 675 1681 essendo
689 1650 792 1681 omnia
806 1657 946 1692 procreat
961 1650 1050 1681 entia.

212 1694 262 1724 Ac
285 1693 309 1724 si
331 1705 422 1724 causa
436 1702 492 1731 est,
508 1702 543 1724 ut
557 1693 660 1724 omnia
682 1705 745 1724 esse
768 1693 945 1735 simpliciter
960 1693 1052 1724 habe-

211 1744 280 1767 ant:
307 1744 351 1768 est
372 1737 496 1779 insuper
511 1744 541 1768 et
559 1736 589 1767 in
605 1748 706 1774 eausa,
724 1744 759 1767 ut
782 1737 884 1767 omnia
906 1748 969 1767 esse
992 1737 1051 1767 tale

212 1778 344 1811 habeant
366 1789 459 1822 atque
478 1779 556 1810 tale:
581 1791 651 1810 nam
673 1792 737 1810 esse
757 1779 816 1810 tale
836 1791 873 1810 ex
895 1779 962 1821 ipso
982 1779 1051 1810 sim-

212 1821 330 1863 pliciter
344 1835 407 1854 esse
422 1823 592 1865 dependet:
618 1830 712 1865 atque
727 1822 862 1853 formalis
882 1823 948 1864 ipsa
967 1834 1050 1853 com-

213 1865 375 1907 munisque
391 1866 544 1897 distinctio
560 1866 667 1897 talium
690 1873 783 1908 atque
799 1866 918 1903 talium,
936 1877 996 1896 non
1012 1878 1049 1897 ex

213 1908 348 1945 materia,
365 1909 416 1939 sed
433 1920 470 1939 ex
490 1909 556 1950 ipsa
577 1909 676 1951 prima
697 1909 834 1940 omnium
858 1910 957 1939 forma
981 1909 1048 1939 uni-

213 1950 302 1980 formi
319 1951 408 1982 simul
424 1960 453 1982 et
468 1952 642 1982 omniformi
658 1952 805 1994 procedit.
853 1953 932 1983 Haec
956 1952 1050 1994 igitur

213 2001 366 2034 quatenus
383 1994 508 2025 essendo
523 1994 612 2025 efficit
631 1996 744 2033 omnia,
760 2003 886 2026 eatenus
908 1995 981 2026 facit
1002 1995 1047 2026 in-

214 2035 379 2077 telligendo
392 2050 397 2067 :
424 2037 573 2079 siquidem
588 2049 680 2079 penes
695 2038 790 2080 ipsam
804 2038 972 2080 intelligere
988 2050 1048 2069 non

213 2078 297 2109 aliud
324 2087 379 2117 est,
404 2091 497 2121 quam
523 2092 608 2111 esse:
641 2081 725 2122 quod
751 2081 950 2124 intelligendo
976 2082 1049 2113 facit

213 2122 325 2160 omnia,
340 2122 483 2153 nimirum
499 2131 529 2154 et
544 2123 683 2154 faciendo
698 2124 838 2166 intelligit
852 2125 964 2155 omnia.
996 2125 1049 2155 In-

213 2164 332 2205 telligit,
359 2165 497 2207 inquam,
524 2177 584 2196 non
612 2166 709 2197 solum
737 2168 879 2208 quaedam
906 2168 1048 2199 omnibus

212 2208 467 2246 communissima,
480 2209 532 2239 sed
547 2209 637 2239 etiam
654 2210 818 2251 unicuique
833 2211 968 2253 propria,
980 2211 1048 2253 qui-

212 2250 270 2281 bus
288 2251 531 2293 unumquodque
553 2251 584 2282 in
607 2263 662 2282 suo
682 2264 756 2290 esse,
771 2261 903 2295 actuque
926 2254 1046 2296 perfici-

213 2302 280 2324 tur:
306 2293 440 2335 alioquin
456 2295 581 2325 confuse
603 2294 730 2325 nimium
752 2295 944 2337 intelligeret,
961 2297 1047 2327 mini-

212 2348 355 2379 mamque
370 2337 599 2379 intelligentiam
615 2338 798 2378 possideret:
823 2350 857 2369 ac
877 2351 924 2369 res
944 2340 1045 2380 potius

212 2380 242 2410 in
268 2380 417 2422 potentia,
442 2388 471 2410 et
496 2379 552 2410 hac
576 2380 701 2421 quidem
727 2388 843 2411 remota
866 2389 896 2412 et
919 2383 1046 2413 confusa

211 2429 417 2463 cognosceret,
443 2434 535 2464 quam
560 2423 590 2453 in
617 2430 698 2453 actu.
743 2423 878 2462 Accedit,
902 2425 997 2466 quod,
1023 2426 1046 2456 si

211 2466 290 2496 actio
316 2466 411 2507 ipsius
441 2465 565 2508 propria
594 2465 793 2507 intelligentia
818 2474 873 2505 est,
900 2473 1045 2509 tanquam

210 2508 446 2540 eminentissima
474 2508 720 2550 amplissimaque
751 2509 839 2539 simul
870 2516 900 2539 et
930 2510 1046 2549 intima,

210 2563 373 2594 quousque
388 2552 461 2593 agit,
470 2563 606 2593 eousque
621 2563 745 2593 prorsus
760 2551 911 2593 intelligit,
923 2560 1015 2594 atque
1031 2565 1047 2584 e

211 2606 366 2626 converso.
412 2595 489 2635 Agit
512 2602 615 2625 autem
638 2594 668 2624 in
692 2594 818 2635 singulis
841 2595 930 2625 etiam
954 2603 1046 2637 atque

210 2638 341 2669 minimis
366 2637 567 2680 peragendis:
601 2636 751 2679 siquidem
776 2637 852 2667 entis
880 2637 969 2679 primi
992 2650 1047 2680 per

211 2680 330 2723 singula
344 2680 573 2723 quomodolibet
591 2681 672 2711 entia
687 2680 776 2711 certis
795 2680 953 2711 ordinibus
973 2693 1044 2712 con-

1867 151 1944 189 443

1103 226 1261 267 sequentia
1276 226 1482 268 amplissimus
1502 236 1547 259 est
1568 229 1715 268 infimum,
1731 238 1772 269 et,
1788 245 1858 274 quae
1874 242 1943 277 post

1102 268 1204 310 ipsum
1227 277 1335 310 agunt,
1352 269 1447 311 ipsius
1469 270 1584 312 ubique
1600 271 1713 303 virtute
1736 285 1898 307 moventur
1913 286 1942 308 et

1102 318 1208 353 agunt.
1255 313 1407 353 Aguntur
1423 324 1494 343 vero
1511 313 1627 355 ubique
1650 326 1710 345 non
1734 318 1845 357 species
1868 320 1942 360 ipsae

1101 365 1216 392 rerum,
1233 366 1304 396 quae
1320 363 1442 386 aeterna:
1459 363 1541 393 sunt,
1558 368 1628 397 quae
1646 357 1732 387 Deus
1754 359 1827 400 ipsa)
1850 370 1938 393 sunt:

1102 397 1154 428 scd
1171 397 1339 429 individua.
1386 399 1454 428 Aut
1470 410 1544 441 ergo
1560 400 1647 430 Deus
1663 400 1737 430 nihil
1751 409 1838 432 extra
1852 416 1882 434 se
1899 405 1942 435 in-

1102 440 1222 482 telligit,
1239 448 1332 483 atque
1347 441 1422 483 agit,
1438 442 1522 483 quod
1538 451 1583 473 est
1596 442 1724 474 falsum:
1750 452 1804 475 aut
1823 447 1943 487 agendo

1103 484 1234 525 singula,
1253 484 1395 526 intelligit
1418 484 1536 522 eadem,
1553 498 1624 527 quae
1647 497 1800 528 nusquam
1823 488 1940 528 fierent,

1102 527 1158 557 nisi
1182 527 1268 569 prius
1290 527 1534 569 intelligerentur
1550 540 1567 559 a
1584 529 1669 560 Deo:
1695 529 1772 561 sicut
1788 542 1849 561 non
1864 532 1943 564 fiunt

1101 582 1119 600 a
1135 569 1206 605 sole,
1224 570 1280 601 nisi
1301 582 1372 613 quae
1394 571 1625 613 prospiciuntur
1640 584 1658 602 a
1672 572 1743 604 sole.
1792 574 1943 617 Intelligit

1100 613 1205 655 itaque
1221 614 1308 644 Deus
1324 614 1387 656 ipse
1403 614 1534 656 singula,
1550 626 1610 645 non
1634 615 1799 647 distractus
1820 617 1851 647 in
1874 618 1943 660 plu-

1100 656 1187 694 rima,
1205 657 1257 687 sed
1272 657 1416 688 collectus
1439 658 1469 688 in
1493 666 1587 688 semet
1606 658 1706 700 ipsum
1721 671 1728 689 z
1753 671 1846 701 quem
1861 660 1943 692 intu-

1099 700 1179 730 endo
1194 700 1279 731 velut
1297 700 1391 731 totius
1414 701 1569 743 exemplar
1585 709 1615 732 et
1629 713 1751 732 causam
1767 714 1941 742 causarum,

1098 754 1216 785 perque
1230 755 1336 774 causas
1356 744 1493 774 omnium
1510 755 1631 775 causam
1648 752 1813 776 contuetur
1828 754 1858 777 et
1873 759 1940 778 0111-

1099 786 1159 823 nia,
1177 794 1207 817 et
1221 787 1397 817 contuendo
1412 794 1499 818 curat
1515 795 1545 818 et
1561 787 1713 830 providet,
1733 796 1885 830 quatenus
1901 791 1940 821 ad

1098 829 1189 860 finem
1207 829 1327 871 singula
1342 830 1447 872 dirigit
1462 838 1556 873 atquc
1571 831 1686 862 bonum
1731 833 1857 873 quando
1873 834 1941 875 qui-

1098 872 1168 902 dem
1185 873 1242 903 sub
1259 873 1324 915 ipsa
1339 873 1434 916 ipsius
1450 874 1521 904 boni
1537 874 1637 905 forma
1651 874 1753 905 omnia
1769 877 1940 917 procreavit

1097 915 1137 946 ad
1153 916 1280 946 bonum.
1327 917 1418 954 Quod
1441 925 1544 948 autem
1561 929 1654 959 quam
1670 918 1812 949 facillime
1832 927 1942 950 cuncta

1099 966 1160 989 tam
1177 959 1407 1000 diligentissime
1419 967 1516 997 curet,
1528 960 1598 991 inde
1614 961 1775 1003 probatur:
1793 962 1940 1004 quoniam

1097 1002 1137 1032 ab
1152 1001 1219 1044 ipso
1235 1004 1304 1033 Deo
1320 1014 1367 1033 res
1383 1003 1508 1041 liabent,
1525 1015 1597 1041 non,
1612 1011 1647 1034 ut
1663 1004 1722 1035 sint
1739 1012 1870 1043 tantum,
1887 1006 1940 1037 sed

1097 1045 1199 1082 etiam,
1217 1053 1252 1076 ut
1266 1058 1366 1077 causae
1390 1046 1460 1076 sint.
1508 1048 1587 1077 Nam
1604 1054 1634 1078 et
1651 1054 1685 1078 ut
1701 1047 1771 1085 sint,
1788 1048 1859 1079 inde
1883 1050 1938 1080 ha-

1097 1088 1181 1126 bent,
1194 1097 1287 1130 prout
1300 1089 1364 1131 ipse
1379 1098 1424 1120 est
1437 1101 1537 1120 causa.
1566 1090 1597 1121 Si
1610 1090 1705 1131 igitur
1717 1090 1797 1122 illinc
1814 1092 1939 1129 habent,

1097 1138 1133 1161 ut
1158 1131 1217 1162 sint
1243 1144 1354 1169 causa),
1379 1132 1450 1163 inde
1474 1145 1599 1175 quoque
1624 1133 1778 1175 possident
1805 1135 1939 1166 officium

1096 1186 1196 1205 causae
1209 1175 1380 1217 proprium.
1423 1177 1493 1206 Hoc
1509 1184 1611 1207 autem
1629 1184 1672 1206 est
1689 1188 1867 1208 conservare
1882 1190 1939 1220 pro

1096 1217 1223 1255 viribus,
1240 1226 1270 1249 et
1286 1230 1403 1256 curare,
1420 1219 1504 1260 quod
1521 1219 1601 1250 facit.
1628 1222 1727 1256 Quam
1745 1221 1784 1250 ob
1802 1232 1864 1251 rem
1882 1222 1905 1252 si
1922 1234 1940 1253 a

1096 1272 1187 1291 causa
1202 1261 1302 1303 prima
1317 1273 1417 1292 causae
1432 1273 1537 1292 omnes
1560 1262 1638 1292 lianc
1661 1262 1776 1293 habent
1798 1265 1936 1306 proprie-

1097 1310 1201 1341 tatem,
1213 1310 1365 1345 quantum
1378 1316 1477 1335 causae
1489 1305 1632 1346 quaedam
1647 1312 1729 1343 sunt,
1742 1307 1850 1337 merito
1861 1307 1940 1338 lianc

1096 1346 1189 1377 habet
1203 1346 1255 1377 illa
1270 1347 1474 1389 potissimum,
1484 1356 1520 1378 ut
1535 1348 1637 1378 omnia
1653 1356 1739 1379 curet
1754 1356 1784 1380 et
1800 1350 1938 1392 singula:

1096 1398 1248 1431 quatenus
1264 1390 1396 1420 maxime
1412 1402 1503 1421 causa
1515 1398 1570 1428 est,
1581 1399 1611 1422 et
1623 1403 1714 1422 causa
1729 1392 1935 1434 singulorum:

1095 1444 1166 1474 quae
1190 1433 1315 1475 quidem
1344 1433 1398 1464 nisi
1425 1433 1601 1476 singulatim
1627 1435 1851 1473 custodiantur,
1877 1448 1938 1467 non

1095 1476 1308 1507 custodientur
1321 1488 1458 1518 unquam
1475 1477 1659 1515 communia,
1672 1490 1743 1520 quae
1759 1490 1938 1510 conservan-

1095 1527 1148 1549 tur
1169 1519 1199 1549 in
1223 1519 1366 1562 singulis:
1392 1531 1453 1550 non
1473 1520 1704 1551 conservabitur
1725 1528 1835 1559 totum,
1852 1523 1937 1564 quod

1096 1562 1264 1593 necessario
1289 1570 1407 1594 constat
1436 1575 1474 1594 ex
1500 1563 1659 1606 partibus:
1693 1575 1754 1594 non
1780 1565 1936 1596 excoletur

1097 1605 1274 1636 universalis
1287 1606 1364 1637 ordo
1380 1606 1483 1644 totius,
1501 1607 1553 1648 qui
1570 1607 1600 1636 in
1616 1607 1765 1648 gradibus
1781 1619 1878 1650 usque
1896 1609 1936 1639 ad

1095 1648 1221 1679 minima
1235 1648 1493 1680 descendentibus
1516 1650 1682 1680 necessario
1699 1658 1828 1682 constat.
1874 1652 1936 1689 Qui

1096 1703 1167 1722 sane
1182 1692 1268 1731 ordo,
1285 1704 1356 1734 quae
1378 1692 1544 1731 distinctio,
1561 1704 1629 1724 cum
1647 1701 1765 1724 certum
1788 1702 1935 1736 perpetu-

1096 1746 1212 1777 umque
1238 1735 1350 1766 habeat
1373 1736 1523 1774 ordinem,
1548 1736 1678 1778 ideoque
1704 1748 1774 1767 casu
1802 1746 1935 1779 nequeat

1095 1789 1169 1815 esse,
1187 1778 1239 1809 sed
1255 1790 1293 1809 ex
1309 1779 1440 1821 alicujus
1455 1779 1572 1821 agentis
1588 1779 1755 1810 intentione
1777 1781 1933 1822 procedat,

1094 1832 1194 1863 neque
1221 1830 1322 1852 tamen
1349 1834 1386 1852 ex
1413 1822 1580 1853 intentione
1611 1823 1728 1864 agentis
1758 1824 1934 1855 necessitate

1094 1872 1223 1902 naturae,
1251 1865 1340 1907 cujus
1370 1865 1499 1896 intentio
1523 1866 1745 1896 determinatur
1769 1866 1808 1896 ad
1836 1878 1933 1897 unum

1094 1907 1207 1949 potius,
1224 1920 1317 1949 quam
1341 1908 1380 1939 ad
1405 1908 1512 1945 multa,
1529 1916 1682 1950 quatenus
1698 1909 1758 1939 siut
1773 1909 1931 1941 distincta:

1094 1951 1203 1981 merito
1218 1963 1255 1981 ex
1271 1951 1405 1993 quadam
1422 1951 1618 1993 intelligentis
1642 1952 1809 1983 intentione
1831 1964 1935 1994 proce-

1093 1993 1149 2030 dit,
1167 2005 1227 2024 non
1242 1994 1453 2037 intelligentia*
1476 1994 1636 2036 cujusdam
1653 2006 1815 2037 causaeque
1838 1996 1931 2037 parti-

1093 2036 1214 2067 cularis.
1260 2038 1375 2068 Omnes
1398 2038 1477 2068 enim
1501 2037 1652 2079 ejusmodi
1675 2038 1705 2068 in
1729 2050 1857 2069 numero
1873 2039 1934 2070 dis-

1093 2079 1257 2110 tinctorum
1274 2092 1402 2122 operum
1419 2088 1647 2122 computantur.
1695 2082 1745 2112 Ex
1766 2081 1933 2113 intentione

1093 2123 1188 2165 igitur
1202 2123 1412 2165 intelligentiae
1427 2124 1535 2166 prima*
1554 2124 1748 2166 maximeque
1763 2126 1934 2156 communis

1092 2166 1233 2208 provenit
1250 2166 1428 2197 universalis
1444 2167 1598 2198 distinctio
1616 2178 1729 2198 rerum.
1778 2167 1836 2198 Illa
1852 2169 1931 2199 enim

1091 2209 1130 2239 ab
1153 2209 1219 2240 aliis
1241 2221 1296 2251 per
1319 2222 1350 2240 se
1373 2210 1584 2250 distinguitur,
1604 2218 1776 2252 caeteraque
1799 2210 1879 2242 inter
1902 2224 1932 2242 se

1091 2264 1154 2283 suae
1171 2253 1303 2283 notionis
1324 2264 1429 2283 norma
1445 2253 1607 2295 distinguit
1652 2261 1682 2284 et
1698 2261 1852 2295 quatenus
1872 2254 1931 2285 dis-

1091 2295 1269 2326 tinctissime
1284 2296 1380 2333 novit,
1397 2296 1622 2327 distinctissime
1645 2304 1740 2327 curat.
1787 2298 1930 2339 Denique

1090 2338 1113 2368 si
1137 2339 1298 2380 providere
1323 2351 1360 2369 ex
1385 2339 1556 2370 abundanti
1580 2340 1768 2381 providentis
1794 2340 1929 2371 bonitate

1090 2382 1238 2423 procedit,
1254 2389 1284 2413 et
1307 2382 1346 2412 ad
1369 2382 1484 2412 bonum
1501 2382 1674 2424 gubernata
1696 2383 1848 2425 perducit,
1867 2395 1926 2414 me-

1090 2425 1148 2455 rito
1172 2425 1211 2455 ad
1233 2436 1355 2456 causam
1380 2425 1526 2467 optimam
1548 2437 1709 2456 causarum
1734 2434 1861 2468 spectat,
1876 2438 1926 2456 ex-

1089 2468 1239 2498 actissime
1255 2468 1382 2511 singulis
1397 2469 1569 2510 providere.

1093 2555 1267 2591 Covfirmalio
1292 2556 1444 2583 eorundem.
1490 2556 1556 2582 Ilem
1580 2556 1650 2591 quod
1673 2556 1749 2582 Deus
1773 2559 1842 2581 certe
1862 2556 1927 2580 sciat

1131 2597 1210 2622 etiam
1229 2597 1420 2630 contingentia,
1438 2605 1521 2632 neque
1538 2600 1626 2623 tamem
1642 2596 1751 2622 libertus
1771 2596 1829 2622 indu
1848 2595 1926 2620 tolla-

1132 2639 1176 2661 tur
1191 2636 1306 2662 arbitrii.

1134 2682 1219 2712 XX.
1250 2682 1418 2713 Providere
1443 2684 1546 2713 Deum
1574 2683 1666 2713 rebus
1692 2681 1833 2718 maxime,
1860 2688 1927 2712 tan-

1199 2734 1313 2764 3L2
