2201 2990
729 229 1468 293 ANNOTATIONES

346 440 658 491 PLOTINI
698 437 940 487 VITAM
983 434 1339 483 AUCTORE
1385 431 1852 482 PORPHYRIO.

271 647 307 677 P.
327 645 401 676 xlix.
419 651 442 674 ³.
474 643 708 674 ΠΟΡΦΎῬΙΟΎ
733 642 829 670 ΠΕΡΙ
854 639 1074 669 ΠΛΩΤΙΝΟΥ
1090 637 1116 664 Α
1133 636 1313 667 adornanda
1325 636 1371 667 usi
1387 636 1600 666 sumus.—De
1614 633 1812 677 inscriptione
1827 634 1893 674 περὶ
1907 635 1976 673 βίου

227 699 335 739 BIOT]
364 695 493 727 “Liber
517 693 656 735 Scriptus
679 703 698 722 a
721 689 898 732 Porphyrio
920 688 999 719 circa
1021 698 1074 718 an-

227 761 302 780 num
320 747 418 779 aetatis
434 745 551 782 LXX,
566 752 601 774 ut
616 755 632 774 e
647 742 747 784 capite
763 751 815 783 32.
833 739 966 781 colligas.
1007 739 1074 769 Eu-

228 800 320 842 napio
335 804 522 829 memoratus
537 805 567 826 et
583 792 751 825 Theodulo
772 792 834 822 sive
850 791 983 822 Thomae
999 790 1071 820 Ma-

228 852 324 894 gistro
359 849 389 879 in
419 846 563 890 Epistola
597 845 636 876 ad
667 845 689 875 J
692 855 821 875 oannem
855 840 1073 885 philosophum

227 901 312 944 apud
327 899 480 942 Cangium
495 897 664 940 adpendice
680 895 718 926 ad
735 894 871 926 Glossar.
883 894 984 924 Graec.
1000 903 1032 934 p.
1043 899 1072 932 5.

227 953 257 983 in
284 951 459 992 Ἀγγελικὸς
487 950 561 989 βίος.
616 947 730 979 Plotini
759 944 963 977 Enneadibus
993 954 1072 985 prae-

227 1003 361 1034 mittitur
383 1003 413 1032 in
440 1000 559 1032 Latinis
584 1007 614 1030 et
638 997 853 1030 Graecolatinis
875 994 1071 1026 editionibus,
1092 998 1115 1024 B

230 1055 324 1085 MSta
342 1060 441 1084 exstat
456 1053 486 1083 in
504 1050 654 1082 Biblioth.
672 1051 810 1090 August.
829 1046 952 1078 Vindel.
992 1046 1073 1076 Nam

228 1106 258 1136 in
272 1105 403 1136 Antonii
421 1103 538 1135 Reiseri
557 1101 707 1143 (ffatalogo
722 1100 870 1130 librorum
888 1097 969 1128 illius
984 1096 1073 1127 bibli-

228 1157 345 1188 othecae
366 1167 397 1198 p.
415 1164 466 1196 73,
484 1154 537 1185 ubi
559 1159 747 1184 memoratur
765 1148 931 1192 Porphyrii
949 1149 1076 1178 ΟηΑτιο

229 1208 264 1239 de
286 1209 353 1238 Vita
370 1208 536 1237 PLAToms
558 1212 588 1235 et
606 1202 804 1246 dispositione
825 1201 973 1231 librorum
995 1199 1074 1241 ejus,

228 1259 393 1302 legendum
410 1257 510 1297 λόγος,
529 1256 591 1287 sive
611 1256 688 1285 liber
703 1253 742 1284 dc
759 1253 821 1283 vita
838 1251 985 1282 l’lotini.''
1010 1250 1073 1280 Fa-

229 1311 304 1341 bric.
325 1310 356 1340 in
378 1309 460 1340 Bibl.
479 1309 581 1339 Graec.
601 1306 666 1337 Vol.
685 1306 720 1335 V.
744 1316 774 1346 p.
788 1313 859 1344 730.
883 1302 931 1333 ed.
950 1301 1072 1333 Hal-les.

1133 698 1194 717 non
1214 694 1258 717 est
1274 687 1359 728 quod
1376 697 1515 717 moneam
1531 693 1600 728 post
1615 685 1852 728 XVyttenbachii
1869 685 1975 727 dispu-

1134 737 1279 768 tationem
1293 737 1333 768 ad
1345 737 1502 768 Plutarch.
1514 738 1564 768 De
1577 737 1696 768 educat.
1709 748 1848 779 puerorr.
1860 748 1891 778 p.
1905 746 1918 767 1
1928 746 1975 778 13.

1135 788 1226 826 Quod
1245 788 1439 830 Porphyrius
1456 799 1524 830 cap.
1541 789 1625 818 XX.
1645 800 1676 830 p.
1695 796 1764 828 127.
1787 787 1834 818 ed.
1852 786 1976 818 Fabric.

1134 840 1165 870 in
1185 839 1243 870 hoc
1266 839 1344 870 libro
1364 839 1552 870 sslarcellum
1572 838 1750 881 alloquitur,
1766 839 1814 870 cui
1838 838 1922 870 hunc
1944 838 1979 868 li-

1135 891 1224 921 brum
1250 890 1435 932 inscripsisse
1453 889 1588 927 videtur,
1604 890 1689 920 haud
1708 889 1911 932 improbabile
1934 897 1979 921 est

1134 942 1217 973 hunc
1240 941 1373 972 eundem
1397 953 1471 978 esse,
1495 940 1549 982 qui
1573 941 1653 971 inter
1676 940 1791 972 Plotini
1813 940 1980 983 discipulos

1137 993 1306 1024 Marcellus
1329 992 1478 1023 Orontius
1500 991 1674 1034 appellatur
1693 992 1750 1022 hoc
1771 992 1877 1023 eodem
1901 991 1980 1023 libro

1135 1056 1201 1086 cap.
1217 1045 1295 1075 VII.
1311 1055 1340 1086 p.
1359 1045 1426 1074 106.
1465 1044 1539 1074 Jam
1555 1054 1625 1073 cum
1643 1043 1777 1085 Cyrillus
1797 1051 1903 1074 contra
1917 1044 1978 1075 Ju-

1136 1096 1252 1127 liauum
1278 1097 1336 1126 VI.
1363 1107 1394 1137 p.
1422 1104 1491 1135 209.
1518 1095 1554 1124 B.
1598 1093 1779 1124 Marcellam
1808 1094 1980 1137 Porphyrio

1135 1147 1291 1178 connubio
1312 1148 1453 1189 junctam
1477 1145 1600 1188 prodat,
1618 1144 1764 1186 Tonpius
1786 1144 1824 1175 ad
1852 1145 1981 1187 Longini

1138 1200 1253 1240 Fragg.
1268 1199 1306 1229 V.
1323 1208 1347 1229 1.
1364 1209 1395 1240 p.
1410 1207 1483 1238 520.
1498 1195 1619 1226 Weisk.
1642 1207 1708 1226 eam
1728 1195 1823 1237 hujus
1839 1196 1981 1227 Marcelli

1137 1250 1228 1281 filiam
1249 1262 1313 1280 csse
1334 1248 1517 1291 suspicatur,
1535 1246 1678 1288 Angelus
1694 1247 1800 1277 Maius
1822 1247 1852 1277 in
1869 1255 1932 1278 not.
1949 1247 1981 1278 in

1139 1300 1305 1343 Porphyrii
1331 1299 1504 1342 Epistolam
1532 1298 1571 1328 ad
1600 1297 1793 1335 Marcellam,
1817 1309 1917 1340 nuper
1941 1298 1982 1329 ab

230 1365 250 1379 “
263 1361 364 1392 Codd.
381 1360 474 1391 Mssti
490 1366 602 1402 pra-ter
618 1359 841 1397 Augustalium
859 1354 889 1384 hi
905 1354 968 1384 fere
983 1359 1073 1383 sunt:
1094 1359 1117 1387 C
1138 1353 1204 1395 ipso
1221 1360 1371 1394 repertam
1391 1359 1420 1381 et
1435 1350 1547 1381 editam
1570 1361 1601 1391 p.
1622 1359 1647 1379 2.
1669 1349 1718 1379 ed.
1735 1349 1833 1391 princ.
1851 1349 1980 1380 Mediol.

230 1412 261 1442 in
289 1411 427 1442 biblioth.
454 1410 543 1452 publ.
570 1409 723 1439 Pari-rina
752 1414 787 1437 ut
809 1405 979 1448 plurimum
1004 1415 1074 1434 cum

231 1463 356 1494 Plotino
381 1462 471 1493 codd.
503 1462 594 1492 1816.
623 1460 713 1500 1968.
742 1459 832 1500 1969.
864 1466 952 1498 1970.
983 1457 1074 1497 1976.

233 1516 326 1546 2082.
345 1513 521 1554 2090.—In
546 1511 695 1543 Biblioth.
714 1509 839 1541 Coislin.
860 1520 930 1539 eum
956 1507 1076 1539 Plotino

231 1566 297 1597 cod.
320 1567 390 1606 169,
407 1573 483 1595 teste
504 1563 709 1594 Montfaneon
734 1561 764 1591 in
784 1559 931 1591 Biblioth.
950 1558 1074 1590 Coislin.

231 1628 264 1659 p.
288 1617 461 1657 225.—Ex
489 1613 656 1657 Porphyrii
684 1612 805 1655 scriptis
834 1619 904 1642 sunt
932 1617 1077 1652 excerpta

232 1668 295 1698 sive
316 1667 428 1709 ecloga?
446 1667 474 1697 in
494 1665 572 1697 Cod.
592 1664 721 1695 coislin.
740 1673 809 1704 294.
829 1670 953 1693 auctore
971 1663 1077 1692 Mont-

1139 1406 1183 1446 (p.
1201 1405 1273 1443 609.
1291 1403 1320 1433 in
1338 1401 1499 1444 Opuscull.
1519 1402 1673 1432 Graecorr.
1691 1400 1882 1431 sententiosis
1895 1401 1932 1432 T.
1951 1401 1980 1432 I.

1137 1455 1183 1485 ed.
1201 1456 1255 1484 Jo.
1279 1456 1375 1485 Conr.
1398 1452 1520 1493 Orellii)
1544 1451 1812 1493 consanguineam,
1833 1453 1979 1494 iVytten-

1136 1506 1264 1537 bachius
1283 1506 1321 1536 ad
1339 1505 1518 1547 Eunapium
1542 1516 1570 1545 p.
1584 1513 1635 1544 43.
1653 1503 1700 1533 ed.
1717 1503 1894 1534 Boissonad.
1911 1515 1982 1534 cau-

1138 1558 1215 1589 tius:
1245 1565 1298 1588 aut
1322 1556 1460 1591 viduam,
1482 1563 1536 1586 aut
1560 1566 1706 1591 sororem,
1727 1563 1780 1584 aut
1803 1554 1907 1592 filiam,
1927 1562 1982 1585 aut

1137 1617 1309 1651 cognatam.
1350 1608 1457 1649 Hujus
1473 1606 1564 1636 libelli
1581 1605 1765 1636 mentionem
1782 1605 1900 1636 faciunt
1916 1606 1982 1636 Eu-

1138 1660 1248 1702 napius
1263 1660 1292 1690 in
1311 1658 1434 1690 l‘lotino
1451 1669 1481 1700 p.
1495 1658 1524 1687 6.
1543 1657 1680 1687 Boisson.
1698 1668 1783 1687 suam
1799 1657 1982 1688 brevitatem

231 1719 343 1750 faucon
363 1718 383 1748 l.
399 1730 425 1749 e.
442 1729 472 1759 p.
487 1716 775 1756 412.—Florcnl1'cr
794 1715 822 1745 in
842 1713 986 1744 Biblioth.
1006 1714 1075 1743 Me-
1095 1714 1120 1741 D
1140 1711 1353 1753 l‘orphyriana
1381 1710 1521 1740 ubertate
1547 1719 1706 1745 excusans,
1730 1716 1760 1738 et
1783 1707 1925 1739 Eudocia
1951 1708 1982 1739 in

233 1770 290 1801 dic.
316 1769 396 1801 Cod.
423 1769 496 1799 XV.
526 1768 602 1811 plut.
629 1769 678 1808 85.
717 1765 796 1797 Cod.
823 1766 892 1796 III.
921 1764 1001 1807 plut.
1026 1764 1077 1803 87.

235 1821 384 1861 (Bandin.
412 1819 510 1851 Catal.
542 1818 633 1850 codd.
659 1819 732 1849 Grr.
759 1817 826 1847 111.
861 1815 929 1846 Col.
956 1823 1025 1855 274.
1049 1822 1079 1845 et

234 1873 322 1913 383.)
360 1873 491 1902 Vcncliz's
507 1871 536 1901 in
554 1876 685 1900 monast.
703 1870 733 1899 S.
747 1867 909 1898 Michaelis
924 1878 993 1897 cum
1009 1865 1080 1896 Plo-

235 1923 309 1960 tino‚
340 1930 373 1954 ut
405 1922 477 1953 alibi
509 1921 588 1961 (vid.
617 1919 780 1951 Mittarelli
815 1918 956 1949 biblioth.
987 1917 1078 1948 codd.

235 1982 356 2004 msstor.
374 1973 429 2004 col.
441 1972 768 2014 957.)—1'1'11dol10noe
784 1970 813 2000 in
831 1970 910 2001 Cod.
926 1979 993 2010 175.
1007 1980 1037 1999 11.
1052 1978 1079 1999 2.

239 2025 412 2063 (Lambeeii
429 2031 592 2055 comment.
606 2023 682 2053 VII.
700 2022 754 2052 col.
769 2021 1032 2062 405.)—.Umtaci
1049 2020 1079 2050 in

237 2076 378 2107 biblioth.
395 2075 518 2106 elector.
537 2077 632 2115 (reg.)
656 2075 765 2104 Bavar.
788 2072 855 2103 eod.
874 2081 944 2110 244.
971 2072 1079 2110 (Cata-
1098 2076 1121 2103 E

237 2127 299 2169 log.
315 2139 346 2169 p.
361 2127 514 2168 83.)—-In
532 2125 673 2155 biblioth.
690 2124 846 2155 Escore'al.
863 2131 938 2153 teste
954 2122 1080 2164 quidem

239 2180 317 2208 Ant.
342 2177 522 2219 Augustino
544 2177 574 2207 in
598 2176 728 2217 catalog.
746 2176 922 2205 'sarracone
946 2183 1034 2215 1597.
1051 2184 1080 2212 4.

241 2229 341 2259 Codd.
361 2230 435 2259 Grr.
451 2240 497 2259 nr.
517 2239 587 2269 199,
605 2227 656 2258 sed
680 2239 698 2257 a
722 2226 834 2257 l'liiero
855 2234 885 2256 et
905 2224 1031 2256 Clarkio
1051 2224 1080 2254 in

240 2280 338 2311 indice
363 2280 462 2310 Codd.
485 2280 558 2310 Grr.
582 2278 746 2315 omittitur,
769 2277 825 2308 nisi
848 2277 878 2307 in
904 2276 1016 2307 Pliierii
1038 2275 1084 2305 in-

241 2331 323 2362 dice:
356 2331 405 2361 De
429 2330 492 2360 vita
517 2330 658 2360 Platonis
685 2337 715 2359 et
740 2329 779 2359 de
803 2328 910 2359 ordine
934 2327 1083 2357 librorum

241 2381 389 2424 ejusdem,
402 2381 507 2411 vitiose
522 2392 578 2422 pro
592 2381 715 2410 Plotino
731 2387 891 2410 exaratum
907 2378 1001 2409 fuerit
1014 2377 1084 2408 Pla-

1140 1763 1260 1793 Violeto
1276 1774 1305 1804 p.
1318 1764 1390 1803 363.
1408 1772 1479 1802 qua·
1495 1759 1629 1790 indidem
1647 1759 1730 1790 haud
1745 1771 1843 1801 pauca
1858 1771 1983 1802 excerp-

1139 1814 1185 1845 sit.
1226 1814 1329 1844 Lucas
1353 1812 1544 1848 IIolstenins,
1568 1811 1622 1853 qui
1648 1810 1813 1852 Porphyrii
1836 1810 1928 1841 vitam
1953 1818 1983 1841 et

1140 1865 1252 1907 scripta
1278 1864 1402 1905 egregio
1424 1862 1643 1894 commentario
1666 1861 1840 1898 illustravit,
1863 1873 1901 1892 ex
1927 1861 1982 1893 hac

1142 1916 1255 1947 Plotini
1282 1916 1354 1952 vita,
1380 1915 1469 1956 cujus
1496 1913 1634 1944 notitiam
1662 1913 1786 1943 exhibet
1812 1923 1878 1954 cap.
1899 1913 1980 1944 VII.

1141 1979 1170 2009 p.
1187 1978 1239 2009 43.
1257 1980 1302 2008 sq.
1325 1967 1371 1997 ed.
1390 1965 1572 2007 Cantabrig.
1590 1964 1673 1995 haud
1697 1963 1890 1994 mediocriter
1910 1975 1981 2006 pro-

1140 2019 1220 2049 feeit.

1142 2069 1256 2100 Plotini
1274 2081 1320 2099 res
1337 2068 1455 2099 Gallice
1469 2066 1620 2098 exhibuit.
1654 2066 1838 2107 Attigerunt
1853 2066 1982 2097 eandem

1143 2120 1305 2163 Porphyrii
1322 2119 1515 2161 scriptionem
1532 2117 1621 2148 multi
1637 2117 1698 2153 alii,
1710 2128 1738 2147 v.
1750 2129 1777 2147 e.
1796 2117 1880 2147 Lud.
1892 2117 1984 2148 Vives

1141 2181 1170 2203 et
1185 2174 1331 2213 Coqneus
1346 2170 1383 2201 ad
1399 2169 1611 2210 Augustinum
1630 2168 1678 2198 De
1692 2168 1826 2198 Civitate
1839 2168 1897 2199 Dei
1915 2169 1981 2200 IX.

1146 2234 1195 2254 10.
1213 2223 1251 2253 T.
1270 2223 1296 2253 I.
1313 2234 1344 2264 p.
1363 2222 1432 2259 840.
1465 2219 1613 2250 Brucker.
1629 2219 1660 2249 in
1680 2219 1797 2250 Histor.
1816 2219 1892 2251 Crit.
1910 2219 1985 2250 Phi-

1143 2274 1261 2316 losoph.
1287 2274 1334 2304 II.
1362 2284 1392 2314 p.
1416 2280 1488 2311 217.
1509 2284 1575 2312 sqq.
1622 2271 1802 2300 Heumann.
1833 2270 1862 2300 in
1894 2270 1984 2302 Actis

1144 2325 1225 2356 Phil.
1243 2325 1285 2355 Τ.
1304 2325 1332 2354 Ι.
1356 2335 1386 2365 p.
1405 2324 1472 2363 138.
1510 2322 1662 2352 Moshem.
1686 2321 1715 2351 in
1739 2321 1890 2352 Institutt.
1911 2321 1985 2352 His-

1144 2384 1201 2407 tor.
1220 2375 1336 2406 Christ.
1354 2374 1463 2415 Antiq.
1484 2385 1515 2416 p.
1535 2382 1560 2403 2.
1598 2373 1729 2403 Schoell.
1746 2373 1776 2403 in
1795 2373 1930 2403 Histoire
1945 2373 1984 2404 de

1275 2017 1403 2060 Baylius
1432 2025 1534 2047 autem
1566 2015 1596 2046 in
1626 2015 1816 2045 Dictionario
1846 2015 1981 2046 indidem

243 2433 321 2464 tonis
339 2443 459 2463 nomen.
501 2431 612 2472 [Haud
632 2430 736 2461 dubie.
762 2430 832 2460 vid.
850 2441 943 2471 supra
960 2428 1082 2459 Fabric.
1104 2434 1126 2461 F
1144 2427 1173 2458 la
1190 2427 1378 2457 Litterature
1393 2426 1537 2466 Grecque
1553 2424 1681 2466 profane
1694 2424 1762 2454 Vol.
1775 2424 1810 2455 V.
1828 2435 1858 2464 p.
1874 2433 1941 2465 130.
1955 2431 1985 2454 et

245 2484 477 2527 Cr.]--Oa*0nii
493 2482 523 2512 in
536 2481 675 2512 biblioth.
689 2480 807 2522 collegii
822 2480 957 2522 corporis
971 2479 1085 2510 Christi

243 2535 310 2566 cod.
332 2535 420 2575 1584.
446 2532 601 2574 (Catalog.
626 2532 728 2563 Codd.
753 2531 878 2573 Angliae
898 2538 928 2561 et
950 2530 1082 2560 Hibern.

245 2587 338 2616 Tom.
357 2586 386 2615 I.
410 2591 488 2626 part.
508 2584 557 2614 II.
574 2583 660 2624 51.)”
684 2582 908 2612 Harlcs.—De
931 2580 1085 2622 plerisque

244 2637 354 2667 horum
379 2635 478 2666 Codd.
504 2641 668 2665 msstorum
692 2633 808 2664 dictum
832 2639 877 2663 est
900 2644 917 2662 a
944 2631 1031 2662 nobis
1054 2631 1083 2661 in

245 2689 352 2719 Indice
375 2688 558 2730 Apparatus
583 2686 706 2722 Critici,
730 2696 793 2726 quo
816 2683 846 2714 in
872 2683 928 2714 hac
953 2682 1085 2713 editione

1144 2490 1174 2520 p.
1197 2487 1264 2518 132.
1301 2476 1418 2507 Gallice
1438 2476 1516 2506 hanc
1534 2475 1633 2505 Vitam
1655 2475 1746 2505 vertit
1765 2482 1795 2506 et
1812 2474 1985 2516 Porphyrio

1145 2530 1194 2559 De
1218 2527 1415 2558 Abstinentia
1439 2527 1550 2568 adjecit
1575 2527 1655 2557 Jean
1679 2527 1837 2567 Levesque
1859 2525 1897 2555 de
1920 2526 1984 2556 Bu-

1144 2580 1243 2622 rigny.
1269 2579 1366 2609 Paris.
1388 2587 1476 2617 1747.
1517 2577 1700 2609 Germanice
1724 2575 1929 2618 Engelhardt.
1953 2576 1984 2607 in

1144 2630 1264 2661 libello:
1299 2630 1358 2660 Die
1382 2629 1552 2660 Enneaden
1579 2629 1632 2659 des
1657 2627 1770 2665 Plotin,
1794 2627 1884 2669 cujus
1909 2627 1983 2658 nihil

1146 2681 1201 2712 nisi
1217 2680 1366 2724 particula
1382 2681 1480 2723 prima
1496 2680 1594 2710 lucem
1610 2679 1704 2710 vidit:
1729 2678 1875 2721 Erlangae
1894 2679 1984 2710 1820.
