2201 2990
333 162 382 199 80

333 268 393 298 que
408 257 575 300 prolapsus.
606 259 652 289 At
664 257 806 300 quoniam
822 257 851 287 in
868 257 923 287 hac
940 257 1001 286 vita
1016 255 1046 286 id
1062 255 1162 285 minus

334 299 486 341 impletur,
500 301 664 332 necessario
679 308 891 343 compensatur
906 300 935 329 in
951 299 1056 330 altera.
1089 299 1162 328 Pro-

334 342 414 374 fecto
429 343 452 373 si
468 355 563 385 purus
578 343 748 374 intellectus
763 343 847 374 nullo
862 342 954 372 modo
970 341 1099 372 declinat
1123 340 1162 370 ad

334 397 454 428 corpus,
480 386 543 417 vita
571 398 642 417 vero
669 386 792 417 omnino
820 397 928 428 expers
957 383 1163 424 intelligentiae

335 436 398 459 tota
417 428 557 466 declinat,
573 430 657 471 sequi
676 437 798 471 putant,
814 436 847 458 ut
868 426 1077 458 intellectualis
1099 425 1162 455 ani-

335 482 394 509 ma,
411 484 473 514 qua
494 480 579 514 parte
599 472 808 503 intellectualis
828 479 882 507 est,
899 480 1056 511 nunquam
1077 468 1160 498 incli-

335 522 424 545 netur
439 515 478 545 ad
494 527 614 557 corpus,
627 527 687 556 qua
700 527 770 545 vero
787 521 871 556 parte
887 524 945 543 non
958 520 1002 542 est
1017 510 1163 542 naturalis

335 557 539 599 intelligentiae
554 569 687 600 compos,
702 557 840 588 flectatur
854 556 891 586 ad
908 566 1042 596 corpora.
1082 555 1161 584 Item

336 600 358 630 si
374 600 526 631 rationalis
541 601 639 631 anima
652 612 755 631 verum
768 608 810 630 est
827 599 904 628 inter
919 605 1031 628 aeterna
1043 604 1073 627 et
1088 604 1162 627 tem-

336 643 449 684 poralia
471 643 616 680 medium,
636 651 665 674 et
689 640 893 673 indissolubile
916 639 1072 670 vinculum
1097 639 1161 670 uni-

335 686 422 723 versi,
439 686 522 728 quod
545 687 574 716 in
592 685 761 726 Theologia
784 696 862 724 510110
886 683 1068 724 probamus:
1093 694 1162 713 con-

335 740 462 770 sequens
484 741 546 759 esse
569 729 685 765 volunt,
708 736 739 758 ut
764 737 918 768 nunquam
944 725 990 756 vel
1013 725 1093 762 hinc,
1115 725 1161 756 vel

335 771 405 802 inde
432 779 495 802 tota
520 771 665 808 discedat,
691 770 742 800 sed
773 769 860 799 simul
891 775 1020 810 utraque
1046 776 1160 806 tenens,

336 815 425 845 ambo
454 815 482 844 in
517 826 547 844 sc
575 813 757 861 competenti
786 811 981 854 proportione
1013 811 1160 842 conciliet.

337 858 540 894 Quamobrem
571 868 623 898 per
648 855 833 885 1ntellectum
862 855 890 884 in
921 854 1090 885 aeternitate
1118 855 1161 884 ri-

335 900 410 941 gilat
433 911 565 941 semper:
592 910 644 941 per
665 899 723 928 vim
750 898 898 928 vivificam
923 909 1048 939 quoquo
1072 897 1163 928 modo

336 955 452 984 semper
467 943 527 984 agit
544 942 573 972 in
590 950 742 983 tempore:
768 953 822 983 per
842 940 1085 981 imaginationem
1109 952 1161 970 na-

336 993 413 1016 turas
440 986 562 1015 vivifiea¹
587 984 753 1026 proximam
780 984 946 1026 plurimum
971 991 1108 1013 versatur
1133 983 1163 1013 in

336 1037 484 1069 tempore:
510 1039 563 1069 per
585 1027 729 1057 rationem
754 1035 898 1068 tanquam
923 1027 1014 1056 menti
1039 1027 1161 1068 propin-

336 1083 437 1113 quam,
453 1070 569 1100 111-11111
594 1070 762 1100 {eternitate
783 1081 874 1111 quam
899 1069 1084 1110 plurimum:
1112 1080 1164 1110 per

337 1113 576 1154 imaginationem
607 1113 730 1143 alteram
763 1124 831 1143 mox
860 1112 1013 1142 subditam
1045 1111 1163 1149 rationi,

336 1169 421 1198 pares
432 1156 508 1186 inter
521 1164 687 1197 utrumque
699 1156 777 1186 vices
792 1155 921 1185 alternat
933 1162 962 1185 et
979 1154 1164 1184 11111111110101-

337 1211 454 1235 norum,
471 1199 562 1229 modo
579 1198 789 1241 temporalium
806 1198 891 1228 nobis
906 1197 1052 1238 imagines
1066 1198 1163 1227 offert.

338 1243 448 1272 Verum
465 1253 556 1283 quam
579 1242 631 1272 diu
654 1242 730 1272 ratio
749 1241 863 1272 felicem
882 1241 973 1270 vitam
991 1240 1086 1275 ducit,
1104 1248 1163 1269 tam

336 1285 385 1315 diu
407 1293 436 1315 01
459 1285 650 1325 imaginatio:
675 1293 704 1315 et
728 1285 750 1314 si
774 1283 986 1325 temporalium
1011 1282 1162 1313 interdum

336 1327 515 1358 simulachra
530 1327 629 1358 felices
645 1336 743 1358 tamen
757 1327 902 1367 imagines
917 1326 1042 1356 adducit
1058 1326 1087 1355 in
1104 1337 1164 1355 me-

336 1371 430 1401 dium.
464 1371 605 1412 Denique
623 1372 669 1409 (111
688 1371 858 1401 summatim
876 1370 989 1409 (11011111)
1008 1369 1030 1399 si
1046 1381 1081 1398 ex
1100 1369 1165 1398 11111-

337 1426 420 1443 verso
436 1413 541 1444 1111111111
557 1413 695 1451 circuitu,
712 1425 802 1455 quem
821 1413 945 1453 triginta
963 1424 1014 1442 sex
1032 1411 1165 1442 millibus

336 1468 482 1487 annorum
510 1456 652 1498 compleri
679 1457 802 1498 quidam
830 1464 962 1497 putant:
996 1462 1164 1485 tercentum

337 1500 431 1536 11111115,
447 1499 566 1529 diverso
588 1507 688 1530 tamen
712 1507 858 1540 tempore,
878 1499 997 1529 animus
1019 1506 1163 1539 tanquam

337 1542 406 1572 exul
423 1542 470 1573 hie
487 1542 612 1579 habitet,
630 1543 756 1573 vicissim
773 1542 871 1572 tribus
891 1542 995 1571 saltem
1017 1552 1164 1571 annorum

336 1585 468 1615 millibus
484 1585 596 1627 patrias
611 1585 696 1616 sedes
710 1585 806 1615 colere
822 1593 948 1626 putant:
973 1595 1086 1625 00511110
1101 1583 1164 1613 ani-

337 1640 401 1658 mos
423 1636 450 1659 et
475 1628 522 1659 11ἰο
546 1629 666 1659 brevius
688 1629 799 1661 11111100,
816 1636 844 1658 01
861 1628 919 1657 illie
937 1627 1056 1667 longius
1076 1626 1163 1656 liabi-

338 1680 412 1701 tare:
430 1671 482 1713 qui
501 1671 544 1701 vel
562 1672 600 1702 ab
616 1672 702 1702 initio
717 1671 977 1713 111105111111101111115
993 1679 1056 1700 111111
1075 1669 1166 1699 5101115

338 1714 565 1751 accommodati,
582 1722 645 1745 tum
668 1714 857 1745 daemonibus
878 1713 990 1743 fuerint
1011 1724 1164 1743 commen-

338 1757 419 1787 dati:
452 1758 496 1787 vel
521 1757 576 1799 ipsi
601 1757 756 1788 efficaciori
781 1757 893 1787 virtute
920 1756 1027 1786 muniti
1053 1756 1166 1786 caduca

338 1800 583 1842 contempserint,
599 1808 711 1831 aeterna
725 1800 883 1830 coluerint.
929 1800 1037 1840 Neque
1053 1799 1167 1829 1111111105

339 1843 487 1874 duntaxat
504 1843 662 1880 humanos,
676 1843 726 1873 sed
741 1843 922 1873 111001001005
938 1842 1027 1872 etiam
1045 1841 1167 1877 1111111115,

341 1895 404 1916 111111
425 1891 536 1923 aereos,
553 1894 616 1917 111111
639 1887 785 1916 1011101005
808 1893 925 1916 mutare
947 1896 1083 1927 corpora,
1100 1896 1168 1925 gra-

340 1929 458 1970 dusque
474 1929 623 1960 felicitatis
637 1929 829 1960 existimant:
855 1928 906 1958 sed
928 1928 992 1958 illos
1015 1939 1110 1969 0511110
1129 1928 1166 1957 1111

340 1983 471 2002 crassum
497 1976 594 2002 aerem
622 1980 751 2009 tantum,
779 1980 895 2002 nostros
925 1979 1026 2001 autem
1053 1970 1168 2001 1111111105

343 2026 438 2056 usque
460 2014 496 2044 ad
520 2023 670 2045 terrenum
687 2027 797 2057 0011105
813 2014 1006 2050 descendere,
1023 2022 1051 2044 et
1069 2022 1168 2043 utros-

341 2069 401 2099 que
416 2058 530 2087 animos
546 2058 574 2088 in
590 2058 747 2088 altioribus
762 2057 936 2097 regionibus
953 2057 1042 2087 vitain
1061 2056 1170 2087 felicio-

343 2112 404 2173 rem
421 2111 520 2141 agere,
537 2109 565 2131 et
586 2101 751 2131 admodum
773 2101 949 2141 longiorem.
996 2099 1055 2129 Sed
1072 2099 1110 2129 de
1124 2099 1170 2129 1115

343 2154 361 2173 a
373 2155 425 2173 ias.

728 2214 734 2222 1

346 2228 481 2258 Quomodo
497 2230 634 2254 rationalis
650 2234 747 2255 natura
758 2228 898 2264 jbrnmmr
912 2229 1022 2263 propria
1038 2231 1131 2258 mente,
1146 2231 1170 2253 et

462 2269 589 2303 quomodo
604 2278 674 2295 mens
686 2270 796 2304 propria
812 2273 895 2294 mente
911 2269 1050 2295 communi.

387 2315 455 2344 III.
480 2314 559 2344 Fieri
576 2327 697 2356 quoque
717 2323 826 2357 potest,
844 2323 877 2345 ut
898 2315 975 2345 ratio
991 2314 1046 2344 liae
1063 2314 1092 2344 in
1109 2314 1171 2344 vita

343 2368 406 2399 prae
422 2364 536 2387 01010115
551 2370 581 2387 se
596 2369 612 2387 a
628 2358 762 2395 materia,
779 2358 1054 2399 imaginationeque
1069 2368 1169 2397 segre-

343 2411 418 2441 gans
440 2399 553 2436 infima,
576 2411 778 2441 revocatisque
805 2401 842 2430 ad
870 2409 1000 2430 mentem
1024 2400 1171 2441 quodam-

345 2442 435 2473 modo
449 2442 529 2472 illam
545 2442 667 2472 alterius
683 2443 753 2473 vita]
768 2443 907 2483 degustet
924 2443 1096 2473 felicitatem
1111 2455 1116 2472 ι
1141 2450 1171 2473 01

344 2485 479 2527 profecto
493 2493 644 2526 quatenus
659 2497 693 2515 ea
705 2482 830 2526 potitur,
846 2492 951 2526 utpote
967 2498 1036 2527 quae
1047 2486 1111 2527 jam
1128 2485 1171 2516 in-

345 2528 464 2559 tellectu
490 2528 617 2558 formata
641 2535 696 2564 est,
721 2535 833 2558 10101110
855 2528 987 2569 quodam
1015 2536 1114 2570 pacto,
1139 2528 1169 2559 id

345 2579 399 2608 est,
416 2570 526 2608 stabili,
543 2578 667 2612 totoque
689 2570 776 2600 simul
798 2578 866 2600 actu
883 2582 936 2600 sua
956 2571 1011 2601 liae.
1027 2571 1170 2602 felicitate

344 2613 521 2656 perfruitur.
560 2613 599 2643 Id
614 2621 715 2643 autem
732 2612 794 2643 fieri
811 2612 995 2654 quandoque
1010 2625 1107 2655 posse,
1124 2622 1169 2645 at-

345 2669 404 2699 que
424 2657 543 2693 debere,
561 2656 601 2686 sic
622 2667 685 2686 rem
705 2655 794 2686 altius
817 2656 981 2697 repetendo
996 2657 1170 2697 probamus.

346 2700 435 2738 Quod
450 2699 513 2730 duo
527 2698 668 2741 quaedam
689 2698 808 2729 difficile
828 2697 997 2729 conflentur
1013 2699 1041 2728 in
1064 2711 1170 2735 unum,

801 157 1223 199 ARGUMENTUM
1254 156 1481 197 MARSIL.
1513 156 1616 196 FIC.

1206 254 1234 284 in
1258 266 1348 285 causa
1370 260 1440 285 sunt
1464 254 1511 284 vel
1534 252 1734 284 dimensiones
1759 252 1904 294 utrinque
1930 252 2033 284 solidae

1206 297 1343 335 nimium,
1353 297 1400 328 vel
1416 297 1616 328 dimensiones
1631 295 1720 326 etiam
1737 295 1975 337 qualescunque,
1986 296 2033 326 vel

1205 348 1411 382 repugnantes
1432 340 1556 382 insuper
1577 338 1720 380 utrinque
1741 339 1857 369 formae.
1903 340 2032 369 Ferrum

1205 383 1353 414 conflatur
1368 383 1398 413 in
1412 383 1526 425 ignem,
1542 381 1597 412 etsi
1612 389 1674 412 tam
1694 381 1827 412 soliditas
1842 381 1925 418 ferri,
1940 393 2033 423 quam

1204 425 1353 468 frigiditas
1368 427 1434 467 ejus
1449 426 1479 456 id
1495 424 1641 467 impedire
1653 423 1787 454 videtur:
1805 432 1897 465 atque
1912 424 1954 454 ita
1965 435 2034 455 con-

1205 468 1305 506 flatur,
1322 476 1357 499 ut
1372 469 1487 499 ferrum
1504 468 1573 510 igne
1588 467 1752 497 formatum
1770 467 1834 508 jam
1855 475 1926 509 agat
1942 475 1976 498 ut
1991 467 2035 509 ig-

1206 511 1251 541 nis
1265 512 1377 554 potius,
1393 522 1484 553 quam
1503 518 1536 541 ut
1553 511 1679 546 ferrum,
1695 509 1724 539 id
1742 517 1797 546 est,
1812 510 1907 540 caleat
1922 509 2034 540 luceat-

1206 566 1276 596 que,
1292 554 1457 591 calefaciat,
1472 562 1564 595 atque
1579 552 1738 583 illuminet.
1783 553 1916 583 Facilius
1931 560 2034 583 autem

1204 603 1255 628 aer
1269 597 1395 639 ignitur,
1411 597 1462 627 ubi
1480 608 1534 627 nec
1550 595 1692 631 densitas,
1708 606 1762 625 nec
1779 602 1862 625 tanta
1878 595 2035 626 diversitas

1204 640 1358 682 qualitatis
1372 640 1503 682 amplius
1518 638 1643 680 impedit
1655 651 1660 668 :
1685 638 1803 668 facilius
1817 638 1897 668 idem
1912 642 1963 668 a'er
1977 638 2035 669 sub

1206 683 1266 713 sole
1285 684 1319 713 fit
1340 683 1487 720 lucidum,
1502 694 1572 713 cum
1596 681 1679 711 nulla
1701 681 1730 711 in
1755 680 1868 711 lumine
1888 680 2035 711 dimensio

1205 726 1318 756 coitum
1335 726 1494 767 utriusque
1515 724 1666 755 retardet:
1692 723 1808 754 facilius
1830 723 1920 754 etiam
1942 731 2036 766 atque

1204 769 1315 799 arctius
1338 780 1448 810 corpus
1470 767 1647 798 naturaliter
1663 774 1869 808 praeparatum
1886 766 2037 797 formatur

1204 812 1242 842 ab
1265 812 1374 849 anima,
1397 823 1451 853 per
1472 822 1599 852 eamque
1618 811 1681 851 jam
1705 809 1778 851 agit,
1796 816 1829 839 ut
1845 809 1968 840 vivens:
1993 809 2037 840 fa-

1204 854 1313 885 cillime
1329 854 1451 885 tandem
1467 854 1566 884 anima
1582 854 1731 883 formatur
1746 864 1783 882 ex
1799 860 1900 883 mente
1913 852 2038 883 arctius-

1205 909 1266 939 que
1288 897 1493 939 conjungitur.
1540 898 1621 927 Cum
1644 896 1722 926 enim
1746 895 1851 926 formae
1877 895 2037 937 proprium

1207 941 1243 971 sit
1266 940 1407 977 formare,
1425 941 1640 981 perficereque,
1657 946 1686 969 et
1709 938 1864 969 materiam
1888 938 1943 969 sibi
1966 949 2038 980 pro-

1206 983 1302 1025 priam
1318 983 1480 1013 devincire:
1498 983 1641 1012 nimirum
1656 994 1718 1023 quo
1733 981 1926 1024 praestantior
1940 981 2038 1012 forma

1207 1034 1262 1063 est,
1279 1038 1314 1056 eo
1329 1025 1447 1056 facilius
1465 1034 1558 1067 atque
1578 1024 1770 1066 conjunctius
1792 1025 1960 1066 subjectam
1983 1024 2038 1055 sibi

1207 1068 1526 1108 aeeommodatamque
1550 1068 1704 1098 materiam
1728 1068 1849 1105 fornmt,
1870 1076 1963 1109 atque
1986 1067 2037 1098 de-

1206 1111 1310 1141 vincit.
1345 1111 1458 1141 Anima
1475 1111 1568 1151 igitur
1582 1110 1751 1141 absolutius
1766 1118 1866 1141 mente
1877 1110 2038 1147 formatur,

1208 1166 1300 1195 quam
1323 1166 1433 1195 0011105
1454 1154 1572 1184 anima:
1598 1161 1713 1194 quanto
1729 1153 1868 1183 videlicet
1890 1160 1919 1184 et
1942 1153 2041 1184 fornia

1209 1197 1370 1237 perfectior
1392 1208 1476 1227 mens
1499 1205 1553 1233 est,
1575 1207 1668 1237 quam
1690 1196 1800 1233 anima,
1816 1203 1845 1226 et
1868 1196 2039 1237 subjectum

1209 1240 1371 1281 perfectius
1387 1240 1486 1269 anima
1501 1248 1557 1275 est,
1574 1250 1665 1280 quam
1682 1250 1802 1280 eorpus.
1848 1239 1928 1269 Cum
1946 1238 2041 1280 igitur

1208 1283 1310 1313 divina
1333 1294 1417 1312 mens
1440 1282 1555 1324 ubique
1577 1283 1622 1318 fit,
1641 1290 1734 1323 atque
1756 1281 1864 1312 animae
1887 1281 2040 1312 rationalis

1208 1326 1335 1356 essentia
1350 1333 1500 1367 perpetuo
1515 1325 1595 1355 illine
1611 1324 1730 1354 influxu
1748 1325 1810 1361 fiat,
1825 1332 1918 1366 atque
1941 1336 2040 1355 serve-

1209 1377 1268 1407 tur,
1292 1369 1421 1410 ideoque
1447 1376 1596 1410 perpetuo
1618 1367 1754 1397 0550111111·
1777 1367 1870 1409 ipsius
1894 1367 2040 1398 instinctu

1208 1420 1403 1442 convertatur
1424 1411 1462 1441 ad
1486 1419 1628 1445 mentem,
1645 1410 1718 1440 nibil
1742 1410 1893 1452 prohibet,
1909 1410 2039 1441 animam

1209 1455 1249 1485 ita
1267 1454 1460 1496 pendentem,
1471 1463 1501 1485 et
1516 1454 1557 1484 ita
1572 1465 1745 1484 conversam
1763 1464 1880 1495 semper
1896 1453 1966 1483 inde
1981 1453 2042 1483 for-

1209 1498 1292 1528 mari.
1339 1497 1489 1535 Quoniam
1508 1508 1578 1527 vero
1593 1496 1734 1527 formatio
1755 1496 1818 1527 11100
1840 1503 1903 1526 tum
1926 1507 1981 1538 pel·
1996 1507 2042 1526 es-

1210 1540 1363 1571 sentialem
1381 1541 1489 1570 anima·
1505 1540 1692 1576 instinctum,
1707 1546 1771 1569 tum
1789 1551 1843 1581 per
1854 1538 2041 1569 essentialem

1210 1584 1319 1614 mentis
1334 1592 1433 1613 actum
1451 1583 1589 1619 ellit-itur,
1604 1583 1711 1612 merito
1726 1581 1890 1612 essentialis
1905 1581 2042 1624 undique

1210 1626 1350 1656 formatio
1365 1634 1427 1656 est:
1453 1626 1529 1656 adeo
1546 1634 1590 1662 ut,
1606 1625 1865 1667 quemadmodum
1888 1625 1919 1655 in
1942 1632 2042 1655 mente

1211 1669 1289 1699 idem
1310 1678 1353 1699 051
1376 1669 1513 1705 essentia,
1530 1668 1612 1709 quod
1637 1668 1816 1705 1111011001115,
1833 1667 1912 1698 idem
1936 1679 2042 1698 rursus

1210 1725 1283 1749 0550,
1300 1712 1383 1753 quod
1400 1712 1576 1752 intelligere,
1593 1711 1633 1741 510
1654 1711 1683 1741 111
1704 1711 1805 1741 amima
1826 1710 1904 1741 idem
1921 1710 1973 1741 fiat
1993 1711 2041 1740 in-

1211 1755 1359 1791 tellectus,
1374 1755 1456 1796 quod
1473 1755 1539 1796 ejus
1554 1754 1698 1784 essentia:
1723 1754 1801 1784 idem
1818 1765 1943 1795 quoque
1957 1753 2043 1784 intel-

1212 1798 1303 1839 ligere
1319 1799 1381 1834 fiat,
1398 1797 1480 1839 quod
1496 1806 1525 1827 et
1541 1810 1620 1827 esse:
1647 1797 1812 1838 pra¹sertim
1834 1796 1978 1837 quoniam
1999 1796 2043 1826 in-

1212 1838 1349 1871 tellectus
1372 1841 1435 1883 11150
1458 1840 1580 1871 divinus
1602 1840 1667 1881 ipso
1691 1851 1813 1881 prorsus
1836 1838 2043 1880 intelligentiae

1211 1891 1280 1914 actu
1301 1884 1411 1914 format
1434 1884 1575 1913 animani.
1622 1883 1759 1913 Formari
1782 1890 1884 1912 autem
1906 1889 1976 1912 actu
1998 1882 2044 1912 in-

1212 1927 1365 1968 telligendi
1382 1927 1455 1956 nibil
1471 1926 1553 1956 aliud
1570 1934 1624 1962 est,
1641 1937 1732 1967 quani
1756 1925 1940 1966 intelligere:
1966 1924 2044 1955 sicut

1212 1978 1241 2000 01
1263 1978 1331 2000 actu
1348 1969 1470 2000 videndi
1487 1969 1621 2006 formari,
1634 1969 1697 2010 jam
1715 1976 1756 1998 est
1775 1968 1894 1998 videre:
1918 1967 1965 1998 vel
1989 1967 2044 1998 sal-

1214 2021 1272 2043 tem
1290 2013 1365 2043 sieut
1382 2012 1411 2042 in
1427 2017 1495 2043 a'ere
1515 2012 1604 2042 simul
1619 2019 1663 2042 est
1679 2011 1802 2041 omnino
1817 2011 1880 2041 fieri
1895 2010 2042 2047 lucidum,

1213 2063 1305 2097 atque
1320 2056 1438 2086 lucere:
1463 2062 1492 2085 et
1509 2055 1538 2085 in
1554 2066 1678 2097 corpore
1702 2055 1758 2085 51111
1774 2054 1873 2084 anima
1895 2053 1982 2084 simul
1999 2060 2045 2084 est

1214 2099 1317 2129 rivum
1335 2099 1409 2132 fieri..
1425 2106 1518 2139 atque
1534 2098 1653 2132 vivere;
1680 2097 1720 2128 sic
1736 2098 1765 2127 in
1781 2097 1881 2127 anima
1896 2096 2045 2127 essentiali

1215 2142 1330 2172 ratione
1345 2140 1577 2172 intellectualem
1594 2141 1656 2171 fieri
1673 2140 1761 2170 simul
1778 2148 1832 2177 est,
1849 2147 1941 2181 atque
1958 2138 2045 2170 intel-

1216 2185 1315 2226 ligere.
1362 2184 1446 2214 Nihil
1466 2184 1544 2214 enim
1565 2183 1648 2214 aliud
1664 2191 1719 2219 051,
1737 2183 1866 2213 animam
1888 2181 2043 2212 intellectu

1216 2228 1347 2269 perfecte
1377 2227 1511 2263 formari,
1538 2238 1630 2268 quam
1662 2226 1718 2256 sub
1748 2225 1918 2256 intellectus
1947 2225 2045 2255 forma

1215 2282 1288 2305 esse,
1313 2270 1369 2300 sub
1393 2270 1562 2300 intellectus
1584 2279 1653 2300 actu
1678 2280 1778 2309 agere.
1825 2269 1862 2299 In
1887 2268 1953 2310 ipso
1973 2278 2045 2297 vero

1214 2313 1367 2344 intellectu
1383 2313 1481 2343 forma
1496 2313 1589 2354 ipsius
1604 2312 1683 2343 idem
1699 2319 1743 2342 051
1759 2320 1788 2342 01
1803 2319 1899 2342 actus.
1930 2310 2044 2341 Anima

1214 2357 1307 2398 igitur
1322 2368 1391 2386 cum
1408 2356 1539 2397 primum
1557 2356 1614 2385 sub
1630 2355 1728 2386 forma
1742 2354 1912 2385 intellectus
1932 2352 2045 2390 existit,

1214 2400 1302 2430 etiam
1327 2399 1383 2429 sub
1406 2398 1574 2429 intellectus
1597 2406 1666 2428 actu
1685 2398 1748 2438 jam
1774 2397 1847 2438 agit,
1864 2408 1898 2427 ac
1922 2407 2044 2437 prorsus

1214 2441 1367 2483 intelligit:
1395 2442 1478 2472 Hine
1494 2441 1568 2471 illud
1582 2441 1742 2471 Iamblichi
1759 2438 1907 2470 clemente
1918 2439 2044 2481 ⁴Egyp-

1215 2487 1326 2515 te'orum
1351 2484 1489 2515 dictum:
1519 2484 1642 2514 Animae
1668 2481 1877 2513 intellectualis
1902 2493 1976 2519 esse,
1999 2489 2044 2512 est

1215 2527 1381 2569 intelligere
1398 2529 1498 2558 Deum
1515 2535 1608 2568 atque
1623 2526 1737 2556 divina.
1775 2525 1860 2555 Sicut
1874 2524 1953 2554 enim
1969 2532 2044 2555 tem-

1214 2571 1333 2613 porario
1348 2570 1480 2612 quodam
1505 2578 1573 2600 actu
1595 2569 1777 2611 percipimus
1799 2566 1987 2608 temporalia,
2004 2567 2044 2597 sic

1214 2621 1327 2644 aeterna
1342 2625 1473 2655 vereque
1491 2612 1651 2643 existentia
1670 2619 1782 2642 aeterno
1797 2609 1932 2640 similiter
1947 2621 2045 2640 essen-

1215 2656 1340 2698 tialique
1361 2664 1429 2687 actu
1452 2655 1571 2686 assidue
1594 2653 1844 2695 contemplamur.
1889 2653 1968 2684 Haec
1983 2652 2043 2683 ille.

1217 2699 1275 2729 Sed
1293 2699 1331 2729 de
1348 2699 1501 2729 intellectu
1517 2698 1587 2728 satis
1598 2698 1662 2739 jam
1678 2704 1769 2738 atque
1784 2695 1923 2726 nimium.
