2201 2990
200 145 308 177 lxxxvi

737 137 1113 171 ANNOTATIONES
1139 137 1190 167 IN
1215 137 1413 169 PLOTINI

202 231 250 261 ed.
268 228 464 261 Commelin.:
491 228 555 259 ἐπεὶ
574 228 620 258 καὶ
637 229 790 258 Πλωτῖνος
805 226 899 257 ἐδόκει
916 225 990 266 (leg.
1008 235 1045 254 ex
1064 224 1090 251 A
1109 224 1147 255 ὡς
1169 225 1256 261 δῆθεν
1276 224 1409 261 οἰόμενος
1428 221 1500 262 πρὸς
1519 223 1555 253 τὰ
1577 222 1637 253 ἄνω
1660 221 1750 260 αὐτὴν
1773 220 1858 252 εἶναι.
1902 220 1953 251 De

205 280 394 323 porphyrio:
417 278 513 321 ἐῴκει)
531 278 747 319 αἰσχυνομένῳ,
760 278 804 308 ὅτι
821 278 853 308 ἐν
865 278 978 315 σώματι
994 277 1046 314 εἴη.

202 333 291 363 οὕτως
307 332 409 362 ἐλύπει
424 330 476 361 τὸν
490 331 664 370 φιλόσοφον
678 329 711 359 τὸ
734 329 840 366 θνητὸν
861 330 946 358 τοῦτο
966 340 1046 366 περι-

383 381 500 413 Similia
522 381 602 411 idem
625 379 768 422 Epistola
791 379 889 421 prima
912 390 941 420 p.
959 386 1011 417 72.
1033 388 1049 407 e

204 441 308 464 nostro
325 432 524 474 Philosopho.

204 383 334 422 σκήνιον.

572 433 669 461 Hunc
691 430 792 461 locum
816 441 886 460 cum
911 428 1050 471 ejusdem

206 484 373 527 Porphyrii
397 484 463 514 loco
486 483 515 513 in
535 482 678 524 Epistola
699 481 738 511 ad
757 479 943 511 TMarcellum
967 490 1049 510 eom-

205 544 293 578 parat
310 538 396 577 Ang.
415 534 521 565 Maius
539 545 567 575 p.
587 533 637 564 26.
654 532 703 562 ed.
722 530 851 562 Mediol.
869 542 901 572 p.
915 531 987 560 616.
1006 529 1049 568 (in

208 589 340 629 Opuscc.
359 588 511 617 Groecorr.
530 590 675 614 sententt.
695 584 737 613 T.
754 583 799 622 I.)
822 581 870 612 ed.
890 581 1053 612 Orellii.-—
1071 583 1094 610 B

208 639 293 668 Hinc
310 637 452 668 l‘lotinus
473 646 542 666 cum
560 635 596 664 iis
616 633 823 675 componitur,
839 632 893 674 qui
910 631 1054 662 monasti-

207 701 272 719 cam
291 689 383 719 vitam
407 692 607 721 sectarentur,
625 695 717 725 quam
736 683 783 713 vel
805 683 965 722 ἀγγελικὸν
984 683 1054 720 βίον

209 740 369 775 vocabant,
388 737 434 768 vel
454 740 511 768 τῶν
533 735 695 774 ἀσωμάτων
710 735 780 773 βίον
798 735 830 764 ἐν
846 734 958 772 σώματι
981 733 1053 772 (So-

211 801 327 821 zomen.
343 789 410 820 ΙΙΙ.
426 790 489 827 14),
502 787 548 818 vel
565 786 630 817 aliis
647 785 822 816 nominibus
835 784 1053 826 praedicabant.

210 843 259 872 De
276 841 369 882 hujus
386 840 456 870 vitae
473 837 674 869 sectatoribus
693 837 735 867 ita
750 835 932 878 pronuntiat
949 835 1054 865 Theo-

210 892 303 922 dulus
324 891 353 921 in
377 890 480 933 Epist.
497 901 584 920 mser.
602 888 641 919 ad
657 889 812 918 ‚Ioannem
831 886 1055 928 Philosophum

210 944 239 973 in
264 942 449 985 Appendice
471 941 510 971 ad
533 939 643 981 (fangii
669 938 861 970 Glossarium
886 938 943 968 Gr.
969 949 998 979 p.
1015 947 1054 977 5:
1075 943 1098 970 C

207 994 331 1033 νΑνὸρες
353 995 385 1024 ἐν
406 995 442 1032 γῇ
462 994 517 1030 μὲν
538 992 631 1028 ὄντες,
650 991 682 1021 ἐν
705 990 838 1029 οὐρανοῖς
860 990 891 1020 δὲ
915 989 948 1019 τὸ
971 989 1056 1019 πολί-

211 1058 302 1084 τευμα
326 1044 503 1082 κεκτημένοι,
522 1043 568 1073 καὶ
590 1044 662 1072 κατὰ
682 1042 734 1072 τὸν
755 1042 785 1079 ἐξ
802 1041 951 1080 Αἰγύπτου
968 1043 1057 1070 Πλω-

212 1099 293 1127 τῖνον
316 1097 343 1134 ὅ,
356 1109 381 1126 τι
397 1094 541 1133 σωμάτων
560 1094 649 1133 σφισὶ
669 1094 817 1132 προσῆκεν
838 1092 1057 1132 αἰσχυνόμενοι.

212 1147 267 1178 Α(1
286 1147 378 1177 verba
393 1146 499 1176 confer
516 1144 705 1175 Theodoret.
724 1143 918 1184 Therapeut.
935 1142 986 1172 lib.
1001 1142 1057 1172 VI.

213 1211 244 1240 p.
263 1199 334 1229 868.
355 1196 492 1231 Schulz.;
526 1196 571 1226 καὶ
596 1198 750 1226 Πλωτῖιός
773 1196 803 1224 δὲ
828 1193 990 1233 περιφανὴς
1014 1193 1061 1223 καὶ

213 1251 296 1282 οὗτος
309 1251 341 1279 ἐν
353 1249 534 1288 φιλοσόφοις
546 1246 766 1286 συγγράμμασι.
802 1244 959 1275 Eusebius
975 1244 1059 1274 I‘Iist.

214 1300 331 1331 Eccles
347 1301 404 1330 VI.
427 1310 475 1339 19.
498 1311 528 1340 p.
547 1307 616 1338 293.
636 1297 685 1327 ed.
700 1296 845 1327 Tauria:
871 1297 887 1326 ὁ
909 1295 970 1326 καθ’
988 1296 1061 1334 ἡμᾶς
1079 1296 1105 1323 D

216 1354 248 1383 ἐν
264 1353 383 1392 Σικελίᾳ
400 1352 545 1382 καταστὰς
562 1349 740 1388 Πομφύριος.
768 1350 824 1378 Cr.

258 1414 289 1445 p.
314 1401 390 1432 xlix.
414 1401 438 1430 d.
480 1402 547 1432 οὔτε
576 1400 641 1439 περὶ
671 1401 720 1437 τῆς
750 1399 912 1439 πατρίδος]
962 1402 981 1416 “
1000 1398 1059 1428 Pa-

216 1454 304 1485 triam
330 1452 441 1484 Plotini
468 1450 719 1482 commemoravit
746 1450 867 1488 Suidas,
891 1449 1061 1491 Lycopolin

218 1505 362 1547 slflgypti.
409 1503 531 1534 Habuit
556 1502 668 1533 Suidas
694 1502 733 1532 ab
757 1501 915 1543 Eunapio,
940 1500 989 1531 cui
1012 1499 1064 1530 illa

218 1558 301 1588 Λυκὼ
331 1555 456 1593 dicitur,
483 1555 589 1585 eadem
621 1554 720 1584 forma
748 1560 782 1583 ut
807 1553 902 1587 Κυνὼ,
927 1551 1062 1586 Ἀντινὼ,

218 1609 346 1643 Aeni-nb,
362 1607 455 1646 ‘11[›<}›‚
470 1606 583 1645 Ἀνδρὼ
599 1613 629 1636 et
648 1604 768 1635 similia.
809 1603 897 1641 Vide,
913 1602 935 1633 si
952 1602 1063 1645 placet,

218 1659 417 1690 Holstenium
435 1657 473 1688 ad
491 1656 598 1688 Ortelii
614 1656 824 1691 Themurum,
839 1654 980 1685 Africam
995 1654 1065 1684 Cla·
1083 1658 1107 1685 Ε

219 1711 283 1741 riss.
297 1709 420 1741 CeHarii
433 1716 463 1739 et
479 1708 661 1739 Salmasium
679 1719 707 1749 p.
719 1715 769 1748 55.
782 1706 821 1736 ad
834 1705 928 1737 Solin.
960 1704 1066 1735 Suidae

218 1762 308 1792 etiam
327 1763 449 1793 Παῦλος
470 1761 626 1800 Αἰγύπτιος
650 1761 682 1789 ἐκ
706 1761 755 1797 τῆς
771 1759 865 1789 Λυκώ.
912 1759 963 1788 Ita
985 1758 1065 1788 enim

220 1813 386 1854 legendum
415 1812 494 1842 Dua¹
517 1818 620 1841 autem
646 1811 732 1841 suere
755 1808 930 1852 Lycopoles
953 1808 983 1838 in
1006 1808 1065 1838 ΛΕ-

220 1872 329 1907 gypto,
355 1875 414 1894 uua
438 1863 468 1893 in
494 1861 668 1898 Thebaide,
691 1861 781 1903 cujus
805 1866 917 1902 praetcr
942 1861 1066 1890 Macro-

221 1916 307 1946 bium
332 1915 384 1945 lib.
404 1916 430 1945 1.
454 1913 608 1945 Saturnal.
633 1925 658 1943 c.
678 1922 724 1952 17.
750 1911 888 1942 meminit
912 1910 1069 1952 Agathar-

222 1966 326 1996 chides
348 1965 433 2007 apud
451 1965 599 1996 l‘hotium
622 1976 650 2006 p.
672 1965 744 2004 726.
791 1964 834 1993 Et
850 1962 968 2004 primus
985 1961 1069 1991 The-

1110 273 1336 316 Lycopolitana
1366 273 1551 315 praefectura
1581 273 1706 303 consule
1737 272 1845 314 Steph.
1872 272 1952 313 Byz-

1109 325 1182 367 ibiq.
1208 324 1331 356 Berkel.
1354 336 1386 366 p.
1402 333 1477 364 521.
1501 331 1532 354 et
1552 323 1736 366 Wesseling.
1760 323 1800 354 ad
1822 322 1952 354 Diodor.

1113 375 1205 407 Sicul.
1224 377 1251 406 I.
1270 376 1318 406 88.
1336 387 1366 417 p.
1381 385 1430 416 99.
1478 375 1528 405 De
1543 374 1665 405 duabus
1681 375 1812 405 urbibus
1831 373 1955 404 nomine

1113 427 1291 470 Lycopolis,
1308 426 1402 457 altera
1426 425 1456 456 in
1474 426 1617 467 AEgypto
1639 425 1792 462 inferiore,
1809 425 1840 455 in
1863 435 1953 466 supe-

1112 479 1191 509 riore
1215 478 1327 508 altera:
1358 477 1470 508 Strabo
1493 477 1608 507 XVII.
1634 488 1664 518 p.
1681 486 1754 517 540.
1776 474 1953 507 Tzschuck.

1113 541 1144 572 p.
1157 530 1232 570 584.
1245 537 1276 560 et
1287 530 1360 570 586.
1400 528 1518 559 Graecis
1534 539 1616 558 nunc
1632 527 1746 558 dicitur
1760 528 1856 558 Λύκου
1872 527 1957 559 πόλις

1114 586 1144 610 et
1159 581 1263 611 Λύκων
1278 581 1372 616 πόλις,
1389 580 1478 610 etiam
1501 580 1595 615 Λυκὼ,
1615 579 1668 618 (de
1690 590 1753 621 qua
1774 578 1874 609 forma
1893 577 1957 608 vid.

1115 631 1351 662 Boissonadium
1374 631 1414 661 ad
1438 632 1563 673 Eunap.
1589 642 1619 673 p.
1642 641 1710 672 149.
1731 632 1795 671 sq.)
1842 629 1958 660 Cham-

1115 681 1230 724 pollion
1250 682 1280 712 in
1301 682 1396 713 libro:
1422 682 1570 724 l'Egypte
1593 693 1664 712 sous
1687 681 1730 711 les
1752 680 1911 711 Pharaons
1931 681 1957 710 Ι.

1116 744 1146 774 p.
1165 733 1235 772 276.
1254 744 1298 774 sq.
1321 733 1505 775 appellatam
1523 733 1597 764 dicit
1612 744 1678 763 eam
1695 732 1803 763 urbem
1826 742 1845 761 a
1862 731 1961 762 bestia

1117 783 1276 825 AEgyptiis
1296 795 1390 821 sacra,
1406 796 1477 826 quae
1492 785 1629 826 ipsorum
1646 795 1784 815 sermone
1799 789 1961 813 vocaretur

1119 834 1313 869 Piouo11sch;
1339 847 1402 865 esse
1425 843 1527 866 autem
1546 835 1715 867 Chacaluin
1733 834 1786 876 qui
1805 833 1898 864 hodie
1913 833 1959 864 di-

1117 885 1206 916 citur.
1253 886 1315 916 Pro
1338 897 1374 916 eo
1401 886 1512 917 deinde
1536 887 1647 929 lupum
1671 886 1808 929 posuisse
1831 892 1961 922 veteres,

1118 937 1253 978 indeque
1266 937 1435 979 Lycopolin
1451 937 1564 968 dictam
1581 949 1647 968 eam
1667 938 1785 973 urbem,
1800 936 1962 979 JEgyptiis

1118 987 1303 1030 appellatam
1322 988 1465 1025 Sioozztlc,
1482 989 1642 1019 Arabibus
1659 989 1812 1030 hodieque
1827 988 1963 1018 Asiouth

1121 1039 1167 1069 vel
1185 1039 1325 1069 Osiouth.
1372 1039 1452 1081 Ejus
1474 1039 1559 1070 urbis
1581 1039 1779 1081 antiquitates
1799 1038 1965 1081 descripse-

1119 1099 1193 1122 runt
1209 1102 1308 1133 nuper
1325 1092 1415 1121 MM.
1435 1090 1555 1121 Tollois
1574 1098 1605 1121 et
1621 1090 1783 1121 Devilliers
1804 1090 1835 1120 in
1852 1101 1965 1131 magno

1119 1154 1230 1184 opere:
1266 1142 1462 1184 Description
1489 1141 1528 1172 de
1554 1141 1714 1183 l'Egypte.
1748 1141 1844 1171 Paris.
1872 1141 1964 1171 1818.

1123 1193 1315 1235 (Antiquite.
1342 1193 1474 1223 Livrais.
1499 1193 1569 1223 ΙΙΙ.
1593 1192 1685 1235 chap.
1711 1193 1835 1232 XIII.)
1881 1191 1966 1222 Hinc

1121 1245 1210 1276 facile
1232 1245 1343 1286 corrigi
1364 1252 1494 1287 possunt
1513 1244 1631 1286 aliquot
1651 1255 1779 1274 errores.
1824 1242 1967 1273 Primum

1122 1297 1204 1338 quod
1219 1296 1348 1338 scriptor
1361 1296 1390 1326 in
1403 1295 1547 1327 Matthaei
1559 1295 1678 1326 Notitia
1689 1294 1791 1325 Codd.
1804 1295 1966 1324 Moscovv.

1124 1349 1180 1378 Nr.
1199 1348 1258 1378 VI.
1274 1358 1305 1387 4.
1352 1347 1511 1378 Plotinum
1529 1347 1697 1377 oriundum
1712 1346 1786 1377 facit
1802 1347 1833 1376 ἐκ
1849 1346 1967 1378 Λυκίας.

1123 1400 1194 1430 Hoc
1211 1410 1270 1429 non
1287 1399 1385 1440 magis
1397 1410 1516 1435 verum,
1527 1409 1621 1440 quam
1636 1397 1720 1439 quod
1736 1398 1865 1428 Graecus
1883 1396 1968 1436 (Έλ-

1124 1453 1193 1490 λην)
1215 1450 1329 1481 dicitur
1347 1450 1549 1492 philosophus
1566 1448 1766 1491 Lycopolites
1788 1447 1855 1478 loco
1875 1459 1970 1489 supra

1126 1501 1258 1532 laudato.
1289 1501 1393 1532 Voluit
1406 1501 1550 1532 fortasse:
1570 1501 1602 1531 ἐκ
1614 1501 1710 1531 Λύκου
1723 1501 1846 1532 πόλεως.
1880 1498 1970 1530 Idem

1126 1552 1230 1582 David
1254 1552 1428 1594 philosoph.
1452 1552 1483 1582 in
1507 1551 1664 1593 l‘orphyr.
1683 1552 1808 1593 Isagog.
1832 1551 1862 1581 in
1887 1550 1968 1582 Cod.

1127 1604 1224 1634 Paris.
1244 1604 1324 1645 Reg.
1340 1615 1386 1634 nr.
1405 1613 1494 1645 1939.
1514 1603 1556 1633 ita
1576 1602 1679 1645 prodit
1691 1602 1902 1633 ι-Πλωτίνου
1920 1604 1972 1633 τοῦ

1128 1656 1338 1685 Λυκοπολίτου.
1368 1655 1462 1686 Λύκος
1480 1654 1582 1693 (scrib.
1597 1654 1693 1693 Λυκὼ)
1712 1653 1744 1684 δέ
1759 1655 1822 1684 ἐστι
1837 1654 1923 1686 πόλις
1939 1654 1971 1684 ἓν

1128 1707 1275 1747 Αἰγύπτῳ.
1322 1705 1410 1736 Idem
1428 1705 1458 1735 in
1476 1705 1554 1736 Cod.
1574 1705 1701 1735 Monac.
1719 1715 1765 1734 nr.
1779 1714 1817 1745 99
1830 1707 1972 1735 ε-Πλω-

1128 1757 1208 1787 τίιόυ
1224 1759 1274 1787 τοῦ
1290 1757 1502 1787 Λυκοπολίτου’
1527 1757 1544 1794 ἡ
1560 1757 1590 1787 δὲ
1606 1757 1772 1788 Λυκόπολις
1788 1756 1821 1786 ἐν
1836 1757 1972 1797 Αἰγύπτῳ

1128 1810 1215 1840 πόλις
1226 1808 1355 1847 (omittit
1367 1807 1443 1838 alter
1455 1807 1562 1838 Codex
1576 1808 1667 1837 Mon.
1680 1818 1725 1837 nr.
1736 1816 1810 1847 399.
1822 1807 1863 1837 A.
1874 1807 1970 1843 πόλις,

1129 1858 1213 1900 quod
1238 1858 1353 1900 placet:
1382 1859 1518 1900 itemque
1542 1858 1619 1889 Cod.
1644 1858 1729 1900 apud
1751 1859 1973 1889 Neumannum

1129 1910 1159 1940 in
1178 1910 1330 1940 Memoire
1346 1922 1398 1941 sur
1413 1910 1441 1940 la
1457 1910 1504 1940 vie
1526 1917 1556 1941 et
1576 1909 1619 1940 les
1638 1920 1788 1951 ouvrages
1804 1909 1842 1939 de
1858 1910 1974 1949 David,

1130 1960 1312 2003 philosophe
1328 1961 1510 2001 Armenien)
1529 1962 1602 1992 ἐστι’.
1649 1961 1700 1991 Ex
1724 1960 1831 1991 eodem
1851 1961 1974 1992 Davide

223 2017 322 2048 haidis
350 2019 437 2055 νόμος
465 2017 666 2053 Λυκοπολίτης
692 2015 762 2052 fuit,
787 2021 863 2045 teste
890 2013 1067 2045 Ptolemaeo.
1089 2012 1112 2039 F
1132 2011 1288 2042 lucramur
1302 2012 1393 2043 etiam
1408 2012 1611 2043 l‘roverbium
1629 2011 1691 2042 sive
1706 2011 1835 2049 dictum,
1850 2012 1975 2044 Plotino

227 2068 349 2099 Mentio
364 2068 444 2097 illius
461 2068 550 2106 νόμον
566 2067 656 2098 ctiam
678 2066 763 2109 apud
782 2065 992 2108 Porphyrium
1011 2065 1069 2095 IV.

877 2116 987 2147 Altera
1004 2116 1068 2158 Ly-

225 2169 340 2212 eopolis
365 2169 522 2211 Stephano
539 2170 615 2211 Byz.
633 2176 708 2199 teste
729 2169 789 2199 fuit
809 2169 839 2198 in
862 2169 940 2209 νόμῳ
958 2167 1071 2197 Seben-

227 2221 340 2264 nytico.
377 2220 436 2251 Sed
454 2220 585 2262 priorem
603 2220 683 2251 illam
699 2220 814 2250 Plotini
830 2219 961 2261 patriam
978 2218 1071 2249 fuisse

226 2273 356 2303 libenter
372 2272 446 2301 mihi
466 2272 664 2314 persuadeo.”
687 2273 814 2302 Fahric.
861 2272 942 2302 Cum
960 2270 1070 2301 Fabri-

227 2324 274 2355 cio
288 2323 361 2354 facit
374 2323 529 2353 Rhoerius
545 2323 584 2353 ad
598 2323 753 2365 Porpbyr.
766 2323 804 2353 de
819 2322 997 2353 Abstinent.
1014 2322 1069 2352 lv.

229 2387 258 2415 ς.
281 2386 310 2415 p.
329 2383 403 2415 324.
434 2374 542 2405 Recte.

229 2427 259 2457 in
277 2425 411 2456 Violario
427 2436 455 2466 p.
467 2426 527 2465 363
542 2437 548 2455 :
574 2428 728 2457 Πλωτΐνος
744 2427 758 2455 ὁ
776 2424 1010 2464 ἐπιφανέστατος
1025 2429 1073 2464 φι·

229 2478 374 2516 λόσοφος,
391 2475 533 2513 ἀκουστὴς
547 2475 712 2514 Ἀμμωνίου
732 2489 782 2506 του
799 2476 980 2515 φιλοσόφου,
998 2477 1072 2506 ἄπα-

231 2541 290 2568 τρις
305 2528 360 2566 μὲν
375 2527 522 2566 φαίνεται.
540 2528 616 2558 τινὲς
632 2528 661 2556 δὲ
678 2527 882 2564 Λυκοπολίτην
898 2526 1002 2565 φασὶν,
1017 2526 1073 2556 ἀπὸ

232 2580 362 2610 Λύκονος
378 2580 429 2608 τοῦ
451 2578 482 2607 ἐν
500 2579 539 2618 τῷ
555 2578 741 2615 Λυκοπολίτῃ
757 2577 834 2617 νόμῳ
850 2578 899 2614 τῆς
915 2577 1073 2615 Αἰγύπτου.

226 2119 264 2150 de
285 2118 468 2149 abstinentia
489 2118 528 2148 ab
546 2118 687 2149 animatis
711 2130 739 2159 p.
756 2127 830 2158 373.

232 2631 266 2661 οὗ
293 2631 349 2669 γὰρ
374 2629 440 2668 περὶ
466 2630 517 2659 τοῦ
541 2629 630 2658 αὑτοῦ
654 2627 759 2667 γένους
783 2627 981 2666 διηγήσασθαί
1004 2638 1075 2656 ποτε

234 2681 362 2721 ἠθέλησε
377 2682 436 2712 τοῖς
452 2680 533 2712 ἰδίοις
547 2681 697 2718 μαθηταῖς,
711 2679 777 2710 οὔτε
789 2678 854 2717 περὶ
869 2679 918 2716 τῆς
929 2677 1074 2716 πατρίδος,

1132 2074 1280 2105 perquam
1297 2063 1499 2094 honorificum
1511 2064 1605 2095 ε--εἰς
1620 2063 1654 2094 ὃν
1675 2064 1720 2094 καὶ
1741 2063 1851 2104 ἐλέχθη
1869 2065 1972 2103 (Πλω-

1131 2116 1238 2155 τῖνον),
1262 2115 1295 2145 οὐ
1318 2115 1448 2147 πολλοὺς
1471 2116 1616 2154 Αἴγυπτος
1640 2115 1782 2153 (Monac.
1803 2124 1872 2157 199.
1888 2115 1976 2147 addit

1132 2167 1230 2201 τίκτει,
1255 2165 1305 2196 sed
1330 2165 1407 2196 alter
1431 2166 1555 2196 Monac.
1571 2175 1646 2206 399.
1670 2164 1840 2207 elegantius
1862 2166 1977 2198 omittit

1133 2228 1203 2247 cum
1217 2216 1296 2247 Cod.
1308 2216 1434 2256 Paris),
1450 2217 1524 2247 ἐπὰν
1539 2217 1570 2246 δὲ
1585 2216 1653 2255 τέκῃ
1668 2216 1758 2256 (Cod.
1772 2217 1868 2248 Paris.
1883 2227 1973 2259 1900.

1134 2268 1181 2298 ἐπὶ
1196 2267 1217 2298 i.
1230 2279 1256 2298 e.
1275 2268 1338 2298 ἐπεὶ
1360 2268 1391 2298 δὲ
1406 2267 1493 2298 τέκει.
1531 2267 1708 2297 Neumann.
1724 2267 1754 2298 in
1771 2267 1874 2299 libello
1888 2268 1974 2301 laud.

1135 2319 1216 2356 ἐπὴν,
1234 2326 1263 2348 et
1284 2318 1325 2349 ita
1342 2317 1421 2348 Cod.
1438 2318 1535 2348 Paris.
1555 2320 1660 2358 1939),
1676 2318 1754 2358 μέγα
1769 2320 1874 2350 τίκτει;
1899 2321 1976 2351 Νοη

588 2374 720 2404 Conficit
742 2374 822 2404 euim
846 2385 909 2404 rem
930 2372 1071 2403 Eudocia
1091 2374 1117 2401 G
1135 2369 1246 2400 multos
1261 2369 1448 2411 lEgyptus:
1470 2369 1568 2399 Sicubi
1588 2374 1691 2400 alitem
1701 2371 1870 2412 pepererit,
1887 2382 1975 2414 mag-

1134 2432 1208 2451 num
1229 2421 1328 2462 parit.
1365 2419 1458 2458 (Cod.
1477 2419 1573 2450 Paris.
1593 2430 1683 2461 1900.
1706 2420 1736 2450 in
1759 2432 1814 2451 ora
1834 2421 1976 2453 additum

1135 2472 1244 2502 habet:
1271 2473 1355 2501 τοῦτο
1378 2472 1409 2501 δὲ
1433 2471 1610 2508 ἐξάκουστον
1632 2472 1698 2510 περὶ
1722 2473 1876 2502 Πλωτίνου
1899 2474 1974 2512 εἴρη-

1135 2523 1207 2563 ται.)
1254 2522 1364 2552 Mirari
1387 2529 1490 2552 autem
1512 2522 1606 2559 subit,
1623 2521 1871 2552 Tiedemannum
1892 2522 1923 2552 in
1939 2523 1976 2554 li-

1135 2574 1201 2611 bro,
1216 2573 1270 2615 qui
1285 2573 1478 2603 inscribitur:
1505 2572 1594 2603 Geist
1609 2572 1663 2603 der
1679 2572 1885 2614 speculativen
1902 2573 1976 2604 Phi-

1135 2624 1273 2667 losophie
1290 2625 1360 2655 ΙΙΙ.
1376 2636 1407 2666 p.
1424 2624 1496 2654 266.
1512 2623 1642 2654 scribere
1658 2622 1810 2665 potuisse:
1834 2624 1975 2666 ignotam

1130 2677 1273 2718 patriam
1290 2676 1408 2707 Plotini
1424 2676 1530 2706 urbem
1544 2684 1616 2706 esse.
1649 2674 1704 2705 Cr.
