2201 2990
46 166 105 210 45

714 143 914 183 LIBER
952 144 1244 188 QUINTUS.

1783 148 1833 195 89

123 264 299 317 Καίτοι,
329 261 377 305 τί
399 255 454 304 ἂν
477 254 558 312 ἡδὺ
584 258 611 311 ἡ
633 256 787 312 μνήμη
815 260 892 301 τοῦ
917 255 1044 311 ἡδέος
1071 254 1190 317 ἕχοι;
1224 254 1374 316 ὥσπερ
1402 253 1475 311 ἂν,
1507 257 1542 299 εἰ
1564 258 1829 311 μνημονεύοι

82 343 206 386 Duc,
237 330 302 375 ὅτι
329 327 457 388 ἐχθὲς
484 326 556 370 ἐπὶ
583 323 677 387 ὄψῳ
703 324 838 380 ἥσθη·
878 322 905 380 η
934 326 993 373 εἰς
1023 324 1210 369 δέκατον
1236 323 1350 380 ἔτος,
1382 322 1446 369 ἔτι
1481 321 1536 369 ἂν
1562 324 1627 378 εἴη
1661 324 1827 384 γελοιό-

122 414 258 460 τερος·
298 395 347 442 τὸ
373 395 419 441 δὲ
445 399 523 449 τῆς·
549 393 824 454 φρονήσεως,
856 393 922 438 ὅτι
947 392 1136 454 πέρυσιν
1163 391 1388 454 ἐφρόνουν.

188 469 240 512 Εἰ
271 465 317 511 δὲ
350 468 437 509 τῶν
462 465 610 508 καλῶν
637 463 702 518 εἴη
736 484 763 517 η
793 462 967 519 μνήμη,
997 466 1090 511 πῶς
1124 464 1203 508 οὐκ
1236 464 1430 507 ἐνταῦθα
1462 461 1639 522 λέγοιτο
1674 459 1729 506 ἅν
1754 482 1828 516 τις

122 533 237 581 ἀλλα
272 532 501 595 ἀνθρώπου
536 532 633 576 ἐστὶ
667 535 797 576 τοῦτο
832 533 1114 581 ἐλλείποντος
1147 536 1237 580 τοῖς
1270 536 1420 580 καλοῖς
1455 532 1501 575 ἐν
1527 532 1587 593 τῷ
1619 527 1827 590 παρόντι,
1841 553 1860 582 5

120 606 192 650 καὶ
219 605 278 667 τῷ
300 603 364 659 μη
392 601 513 662 ἔχειν
540 602 650 656 νυνὶ,
683 604 919 656 ζητοῦντος
944 600 1027 656 την
1047 601 1230 657 μνήμην
1255 604 1342 646 τῶν
1367 599 1691 661 γεγενημένων.

186 675 306 718 Ἀλλ’
337 675 358 716 ὁ
391 668 531 719 πολὺς
559 667 721 731 χρόνος
754 667 926 719 πολλὰς
960 675 1081 715 ποιεῖ
1110 667 1252 718 καλὰς
1284 668 1484 730 πράξεις,
1516 667 1574 714 ὧν
1601 666 1777 728 ἄμοιρος
1811 671 1832 712 ὁ

80 740 226 803 Επρὸς
252 742 402 802 ὀλίγον
428 741 661 795 εὐδαίμων·
697 741 733 784 εἰ
760 741 826 784 δεῖ
846 739 998 800 λέγειν
1023 739 1132 788 ὅλως
1159 740 1417 795 εὐδαίμονα,
1448 736 1525 783 τὸν
1550 739 1598 783 οὐ
1626 735 1696 782 διὰ
1722 744 1830 782 πολ-

119 815 207 856 λῶν
232 814 319 855 τῶν
344 812 505 854 καλῶν·
546 805 572 863 ἢ
600 806 646 857 ὃς
673 809 722 853 ἐκ
745 811 925 853 πολλῶν
950 806 999 853 τὸ
1027 810 1301 865 εὐδαιμονεῖν
1325 810 1398 853 καὶ
1420 805 1594 869 χρόνων
1619 808 1692 852 καὶ
1718 804 1830 867 πρά-

121 880 227 935 ξεων
251 879 391 940 λε’γει,
423 879 471 923 ἐκ
503 880 591 922 τῶν
619 876 780 933 μηκέτι
815 876 970 933 ὄντων,

121 947 214 998 ἑνός
247 969 363 997 τινος
396 951 474 992 τοῦ
510 944 729 1007 παρόντος
766 943 815 992 τό
854 948 1128 1003 εὐδαιμονεῖν
1161 948 1445 1002 συνίστησιν.

119 1016 261 1079 παρὸν
299 1016 486 1073 ἐθέμεθα
523 1013 572 1061 τὸ
614 1017 902 1071 εὐδαιμονεῖν·

119 1089 290 1133 πλείονι
334 1087 652 1142 εὐδαιμονῆσαι
691 1088 867 1140 μᾶλλον
905 1086 1018 1130 ε’στί.

86 1155 311 1218 Ρπράξεσι
348 1160 445 1204 ταῖς
480 1155 660 1199 πλείοσι
697 1159 957 1199 πλεονεκτεῖ

1002 880 1098 922 ἀλλ’
1130 879 1178 923 ἐκ
1211 880 1299 922 τῶν
1331 873 1718 938 παρεληλυθότων·
1758 877 1831 920 καὶ

1511 943 1592 991 Διὸ
1629 942 1745 990 κατὰ
1783 942 1832 989 τὸ

976 1016 1072 1061 εἶτα
1117 1017 1375 1073 ἐζητοῦμεν,
1418 1017 1453 1060 εἰ
1487 1019 1663 1071 μᾶλλον
1699 1011 1748 1059 τὸ
1787 1014 1834 1058 ἐν

1083 1089 1227 1131 Τοῦτο
1271 1085 1347 1130 οὖν
1385 1084 1615 1140 ζητητέον,
1658 1085 1694 1128 εἰ
1737 1087 1833 1131 ταῖς

993 1152 1042 1199 τὸ
1081 1155 1128 1200 ἐν
1163 1156 1316 1217 πολλῷ
1355 1152 1502 1216 χρόνῳ
1542 1154 1829 1208 εὐδαιμονεῖν.

123 1229 307 1286 Πρῶτον
329 1223 413 1281 μὲν
439 1223 516 1269 οὖν
542 1224 640 1268 ἐστι
674 1224 747 1268 καὶ
777 1222 841 1279 μη
877 1224 924 1268 ἐν
948 1222 1140 1284 πράξεσι
1173 1221 1413 1285 γενόμενον
1439 1224 1730 1278 εὐδαιμονεῖν,
1760 1223 1834 1266 καὶ

123 1296 200 1339 οὐκ
231 1292 436 1349 ἔλαττον,
468 1289 586 1337 ἀλλὰ
616 1295 792 1347 μᾶλλον
817 1296 895 1337 τοῦ
928 1290 1229 1353 πεπραγότος·
1271 1290 1429 1337 ἔπειτα
1463 1293 1508 1336 αἱ
1541 1288 1723 1352 πράξεις
1758 1291 1836 1335 οὐκ

124 1363 174 1418 ἐξ
204 1365 349 1408 αὐτῶν
374 1360 423 1407 τὸ
451 1361 497 1407 εὖ
524 1358 743 1417 διδόασιν,
775 1363 871 1406 ἀλλ’
902 1363 946 1406 αἱ

121 1436 315 1478 ποιοῦσι.

155 1575 173 1590 1.
193 1568 229 1590 τοῦ
242 1567 307 1597 abia]
328 1568 372 1595 Ita,
384 1575 427 1596 pro
438 1565 508 1593 ἡδέως,
520 1566 668 1588 scribendum
734 1565 756 1587 8.
776 1565 810 1586 τᾶν

122 1634 174 1656 Par.
188 1634 218 1655 A.
701 1635 727 1653 ut
741 1630 784 1652 Ed.

154 1673 173 1688 2.
193 1665 265 1695 ἐχθὲς]
284 1665 356 1687 Codd.
371 1663 435 1686 Leid.
451 1663 533 1686 Dat-m.
547 1663 622 1685 Mare.
637 1663 665 1685 B.
741 1670 775 1684 ιι.
803 1662 930 1693 συνίστησιν]

122 1698 185 1721 Med.
199 1698 261 1720 A.ss.
287 1698 340 1720 Par.
353 1697 384 1719 A.
397 1695 457 1724 χθές.
482 1696 517 1718 Cf.
532 1696 625 1719 Imbeck
637 1696 665 1718 ad
705 1695 769 1717 Med.
791 1695 822 1717 A.
830 1695 858 1717 Β.

122 1731 249 1761 Phrynichi
263 1730 357 1759 Eelngg.
371 1737 392 1759 p.
401 1736 413 1757 3
420 1735 455 1757 23.

153 1770 174 1793 5.
193 1764 257 1784 ἀλλὰ
276 1762 391 1793 ἀνθρώπου]
413 1762 469 1783 (ὀά.
484 1760 549 1783 Med.
564 1760 591 1782 B.
613 1760 667 1781 ἀλλ’
703 1761 744 1782 Gr.
759 1768 780 1790 I'·
794 1767 830 1788 23.

121 1795 232 1825 ἀνθρώπια

153 1828 174 1850 6.
194 1828 231 1849 καὶ
243 1827 274 1856 τῷ
284 1826 325 1856 μὴ]
347 1827 403 1849 Cod.
417 1826 472 1848 vat.
487 1825 524 1847 καὶ
537 1826 561 1847 τὸ
572 1824 610 1853 μῆ.
703 1825 757 1847 Par.
770 1825 801 1847 A.
816 1824 951 1853 ἓκζητσῦμεν.

122 1928 207 1959 affert
229 1927 393 1968 voluptatis
417 1934 491 1958 actae
514 1926 680 1957 memoria?
704 1938 758 1956 ccu
784 1926 806 1956 si
831 1926 900 1968 quis
926 1938 956 1956 se

123 1971 281 2001 obsonium
304 1970 367 2000 heri
385 1981 454 2001 cum
471 1969 629 2011 voluptate
651 1977 789 2010 gustasse
810 1969 955 1999 memine-

123 2014 179 2044 rit:
204 2025 237 2043 ac
253 2013 275 2043 si
292 2020 361 2044 ante
376 2012 568 2049 decennium,
585 2012 681 2054 tnagis
699 2012 800 2042 adhuc
816 2012 955 2042 deriden-

124 2056 182 2087 dus
204 2056 279 2086 erit:
304 2055 437 2086 similiter
453 2067 576 2097 quoque
596 2055 619 2085 si
639 2066 719 2085 anno
735 2055 891 2097 praeterito
907 2067 954 2085 sa-

124 2099 266 2140 pientiam
283 2110 313 2128 sc
328 2099 468 2129 habuisse
483 2098 663 2129 meminerit.

448 2183 562 2213 Quaestio
579 2183 631 2209 IX.

169 2230 220 2259 Sin
244 2236 346 2260 autem
370 2229 519 2259 bonorum
542 2229 777 2260 honestorumve
800 2229 837 2260 sit
860 2241 957 2260 recor-

125 2272 219 2310 datio,
235 2283 289 2302 cur
305 2283 365 2302 non
382 2271 496 2312 aliquid
512 2272 670 2302 conferat?
704 2273 744 2302 At
759 2272 840 2302 istud
858 2272 954 2302 homi-

126 2315 171 2345 nis
195 2322 250 2351 est,
269 2314 367 2351 bonis,
389 2314 558 2344 honestisve
583 2315 612 2344 in
635 2322 783 2356 praesente
807 2315 954 2345 carentis:

125 2365 218 2399 atque
235 2364 394 2399 propterea
406 2356 489 2398 quod
505 2368 585 2387 nunc
601 2357 724 2388 minime
739 2357 861 2395 habeat,
874 2369 957 2399 quae-

126 2409 217 2431 rentis
233 2411 350 2436 eorum,
360 2411 430 2441 quae
446 2407 627 2440 praeteriere,
643 2400 829 2430 memoriam.

459 2483 573 2513 taoestio
589 2483 624 2509 X.

170 2533 214 2563 At
235 2532 314 2562 enim
335 2530 460 2570 longum
481 2536 601 2571 tempus
621 2529 725 2559 multis
745 2529 959 2571 praeclarisque

126 2575 295 2606 actionibus
319 2573 435 2615 praebet
457 2572 658 2602 occasionem:
683 2583 744 2613 qua
759 2572 881 2613 quidem
898 2572 958 2614 pri-

127 2625 215 2648 vatus
234 2617 302 2655 erit,
318 2616 370 2658 qui
394 2615 464 2645 felix
485 2615 568 2645 brevi
590 2623 725 2656 tempore
741 2614 860 2645 vixerit.
903 2615 956 2645 Ad

128 2660 192 2691 lizec
208 2660 315 2702 utiquc
330 2658 492 2690 dicendum
509 2665 553 2689 cst
569 2657 692 2688 omnino
708 2657 822 2688 felicem
843 2669 902 2688 non
918 2657 957 2688 ob

184 2719 275 2743 VOL.
301 2719 325 2742 1.

830 1565 852 1586 οὐ
872 1564 917 1595 διὰ]
937 1566 1010 1589 Codd.
1034 1567 1099 1589 Leid-
1122 1566 1197 1589 Marc.
1218 1568 1250 1589 A.

120 1602 165 1624 fnit
183 1609 211 1623 ex
233 1601 304 1623 [¹0:111.
327 1600 402 1622 Marc.
424 1598 516 1621 A.B.C.
549 1598 616 1621 Mon.
636 1599 667 1620 A.
702 1597 770 1620 Mon.
784 1598 814 1619 Α.
828 1597 883 1620 Vat.
899 1598 939 1620 τῶν
951 1599 973 1620 01)

962 1664 1034 1686 Codd.
1060 1664 1135 1687 Marc.
1159 1665 1251 1687 A.B.C.

883 1705 997 1719 valff‘l'nffl.

706 1728 760 1749 Vid.
780 1727 912 1750 Hermann.
932 1729 961 1751 de
979 1730 1127 1752 emendanda
1147 1735 1190 1752 rat.
1210 1730 1252 1752 Gr.

737 1798 772 1814 12.
791 1792 912 1821 ἐζητοῦμεν]
934 1793 1007 1816 ΟοιΙᾱ.
1028 1794 1110 1817 Darm.
1130 1795 1205 1817 Marc.
1223 1795 1251 1817 B.

981 1360 1222 1418 διαθέσεις,
1257 1363 1330 1406 καὶ
1365 1358 1446 1409 τὰς
1479 1358 1661 1421 πράξεις
1695 1357 1836 1408 καλὰς

383 1432 649 1491 Καρποῦταί
665 1451 714 1474 τε
740 1432 761 1474 ὁ
788 1427 998 1490 φρόνιμος
1024 1428 1073 1475 τὸ
1100 1428 1272 1491 ἀγαθὸν
1298 1432 1371 1475 καὶ
1401 1429 1629 1491 πράττων,
1659 1430 1744 1489 οὐχ
1770 1428 1835 1473 ὅτι

1318 1567 1347 1589 il».
1367 1566 1391 1587 w)
1404 1567 1421 1588 ἐν
1435 1565 1524 1594 πλείονι]
1541 1565 1613 1588 Codd.
1629 1564 1703 1587 Marc.
1717 1565 1748 1587 Α.
1769 1565 1835 1587 Mon.

1286 1600 1311 1622 C.
1326 1600 1380 1622 Vat.
1396 1600 1426 1627 τῷ
1438 1599 1462 1620 ἐν.
1498 1598 1541 1620 Sed
1557 1598 1611 1620 Vat.
1626 1598 1649 1619 in
1662 1605 1693 1619 m.
1708 1607 1739 1619 τι.

1322 1639 1356 1660 14.
1376 1630 1513 1659 πλεονεκτεῖ]
1535 1630 1571 1652 Ita
1595 1630 1667 1652 codd.
1691 1637 1772 1652 omnes
1795 1636 1837 1658 pro

1287 1665 1428 1691 πλεονεκτεῖν,
1441 1664 1502 1693 quod
1514 1671 1542 1685 ex
1556 1663 1599 1685 Ed.
1613 1662 1706 1684 transiit
1722 1662 1793 1685 etiam
1811 1661 1836 1683 in

1287 1705 1360 1726 marg.
1375 1697 1431 1719 Cod.
1445 1696 1466 1718 V
1469 1701 1500 1718 at.

1323 1736 1357 1759 15.
1387 1730 1473 1759 Πςῶτσν
1493 1726 1697 1756 μὶν-εὐδαιμονεῖν]
1717 1726 1772 1749 Cod.
1787 1726 1834 1748 CiZ.

1285 1762 1334 1784 hau·
1346 1762 1441 1784 omittit.

1323 1795 1357 1817 16.
1371 1793 1521 1823 πεπραγότος]
1538 1792 1609 1815 Cudd.
1625 1792 1707 1814 Bai-m.
1722 1791 1796 1813 Marc.
1807 1791 1834 1813 B.

1288 1827 1352 1849 Med.
1366 1827 1397 1849 Α.
1423 1826 1476 1848 Par.
1490 1826 1520 1847 Α.
1535 1824 1682 1856 πεπραχότας.

985 1598 1025 1621 M,
1055 1600 1100 1622 Sed
1114 1599 1168 1622 Vat.
1182 1600 1206 1622 in
1219 1608 1250 1622 m.

1040 1697 1071 1719 Et
1094 1697 1136 1719 hoc
1160 1698 1252 1720 rectius.

1000 1928 1161 1969 praeclaras
1176 1928 1319 1966 actiones,
1335 1935 1427 1969 atque
1443 1926 1567 1957 multas:
1591 1925 1739 1967 Alioquin
1756 1924 1837 1966 quis-

999 1971 1068 2012 quis
1084 1971 1258 2002 felicitatem
1275 1983 1311 2001 ex
1330 1970 1432 2001 multis
1449 1977 1509 2000 tam
1527 1969 1726 2011 temporibus,
1743 1979 1836 2009 quam

999 2014 1170 2045 actionibus
1192 2014 1273 2045 dicat
1296 2012 1560 2049 accumulandmn,
1577 2024 1614 2042 ex
1630 2012 1676 2042 liis
1691 2023 1761 2053 quae
1777 2021 1837 2041 non

998 2056 1131 2099 amplius
1153 2065 1235 2094 sunt,
1251 2057 1302 2088 sed
1324 2069 1360 2087 ex
1382 2056 1551 2092 transactis,
1567 2063 1660 2097 atque
1682 2066 1743 2084 nno
1758 2065 1833 2095 quo-

999 2100 1069 2130 dam
1086 2109 1235 2142 praesente
1250 2100 1424 2131 felicitatem
1441 2098 1637 2129 coacervabit.
1682 2096 1837 2135 Quamob-

998 2155 1061 2173 rem
1079 2143 1109 2173 in
1130 2143 1272 2185 praesenti
1288 2142 1423 2184 quodam
1443 2141 1663 2172 beatitudinem
1681 2139 1838 2171 collocavi-

1000 2197 1075 2216 mus.
1122 2186 1244 2216 Deinde
1259 2186 1466 2228 qumsivinms,
1484 2196 1557 2215 num
1576 2184 1618 2221 id,
1636 2183 1719 2225 quod
1741 2182 1837 2224 magis

1000 2229 1123 2267 dicitur,
1138 2229 1167 2259 in
1184 2229 1318 2270 quodam
1335 2228 1416 2270 pluri
1431 2228 1586 2258 consistat:
1609 2235 1702 2268 atque
1717 2226 1759 2256 ita
1775 2237 1836 2255 ma-

996 2272 1047 2314 jor
1062 2284 1187 2313 quoque
1202 2272 1359 2313 contingat
1375 2271 1526 2302 felicitas?
1564 2271 1635 2301 Hoc
1658 2281 1731 2311 ergo
1750 2280 1835 2310 quae-

1001 2315 1149 2345 rendum:
1176 2315 1316 2356 nunquid
1334 2314 1478 2356 temporis
1498 2313 1586 2344 multi
1607 2312 1733 2343 felicitas
1753 2312 1782 2341 in
1802 2323 1837 2341 eo

1001 2358 1153 2389 duntaxat
1169 2358 1308 2395 excellat,
1324 2357 1408 2399 quod
1423 2356 1593 2388 actionibus
1613 2355 1717 2386 multis
1739 2354 1835 2384 abun-

1001 2401 1077 2431 det?
1117 2401 1222 2432 Primo
1237 2401 1361 2442 quidem
1378 2400 1442 2430 fieri
1458 2406 1568 2441 potest,
1584 2406 1628 2437 ut,
1644 2398 1697 2440 qui
1713 2396 1835 2428 actioni-

1001 2444 1059 2474 bus
1075 2444 1165 2474 nullis
1181 2444 1340 2481 incumbit,
1354 2443 1392 2473 sit
1407 2443 1524 2479 beatus,
1541 2454 1641 2483 neque
1656 2441 1756 2471 minus
1771 2439 1837 2480 qui-

1001 2486 1082 2523 dem,
1106 2487 1168 2518 imo
1192 2499 1265 2517 vcro
1286 2486 1382 2528 magis
1404 2498 1451 2523 eo,
1476 2486 1529 2527 qui
1552 2484 1722 2516 actionibus
1746 2482 1837 2513 fucrit

1001 2537 1183 2571 occupatus:
1210 2530 1320 2560 deinde
1341 2529 1474 2560 actiones
1498 2540 1556 2559 non
1577 2540 1613 2558 ex
1639 2539 1669 2557 se
1690 2526 1760 2568 ipsis
1783 2524 1835 2554 bo-

1002 2583 1074 2602 num
1096 2573 1238 2610 afferunt,
1254 2573 1306 2603 sed
1321 2572 1493 2602 affectiones
1509 2571 1583 2612 ipsae
1598 2570 1730 2601 actiones
1745 2566 1835 2598 effici-

1002 2622 1058 2645 unt
1074 2615 1177 2646 bonas.
1211 2617 1283 2646 Jam
1302 2627 1373 2645 vcro
1389 2615 1507 2657 sapiens
1522 2615 1603 2644 bono
1618 2612 1734 2655 potitur
1747 2609 1835 2640 etiam

1002 2669 1105 2699 agens,
1119 2670 1179 2689 non
1195 2658 1267 2700 quia
1282 2658 1421 2689 videlicet
1437 2664 1518 2698 agat,
1532 2668 1631 2697 neque
1646 2666 1683 2685 ex
1700 2653 1755 2689 liis,
1768 2662 1837 2693 qua·

1040 2715 1067 2738 N

1847 897 1884 918 10

1848 1244 1884 1275 Ι,5
