2201 2990
242 146 310 178 xciv

774 141 1147 174 ANNOTATIONES
1172 141 1222 172 IN
1246 139 1442 171 PLOTINI

244 238 378 264 mentem
395 230 478 261 venit
496 229 613 271 legere:
639 229 683 260 ὅτι
704 231 770 261 νοῦς
789 228 908 268 ποιητὴς
929 228 975 259 καὶ
993 231 1082 267 βασι-
1101 229 1128 256 Α
1145 226 1317 257 videbimus
1332 225 1371 257 ad
1388 225 1501 256 librum
1519 223 1634 255 Plotini
1649 224 1795 255 adversus
1812 224 1983 256 Gnosticos.

245 284 323 319 λεὺς,
339 282 371 313 id
387 289 443 320 est,
460 286 588 312 mentem
603 281 656 311 hoc
672 281 854 311 universum
869 280 1041 311 condidisse
1056 283 1084 309 et

245 334 401 366 conditum
417 343 533 376 regere.
580 333 631 362 Ita
645 331 721 362 liber
737 331 868 374 scriptus
883 338 928 361 est
943 330 982 361 ad
998 329 1086 360 refel-

246 385 352 416 lendos
376 385 442 427 ejus
465 383 563 414 aetatis
586 382 800 425 Philosophos,
822 381 876 424 qui
900 381 959 412 tria
983 393 1086 412 rerum

247 435 396 479 principia
411 442 591 472 statuerent,
604 434 643 464 de
658 434 772 476 quibus
788 433 858 463 vide
875 432 937 463 Th.
953 432 1086 463 Galeum

248 487 287 518 ad
299 486 460 518 Iamblich.
474 485 512 516 de
526 486 659 527 Myster.
677 496 708 526 p.
723 493 792 525 297.
808 491 838 514 et
851 484 890 514 R.
903 483 1086 514 Cudworth.

249 539 379 582 System.
394 537 498 569 Intell.
516 538 558 567 T.
573 537 599 567 Ι.
616 548 646 577 p.
659 536 731 573 884.
748 543 777 565 et
792 534 832 565 ad
847 533 1087 564 confirmandam

1146 279 1190 309 Et
1215 285 1336 320 poterat
1361 276 1511 318 Origenes
1537 275 1728 306 Numenium
1753 275 1902 307 refutasse
1927 276 1985 307 hoc

1145 329 1235 367 libro,
1252 330 1306 371 qui
1329 336 1405 360 teste
1429 326 1540 358 Proclo
1562 326 1593 357 in
1617 326 1755 358 Platonis
1778 327 1863 358 Tim.
1886 338 1915 369 p.
1933 337 1986 368 93.

1147 381 1225 411 duos
1245 380 1431 420 δημιουργοὺς
1446 379 1587 409 finxerat.
1633 378 1790 409 Intactum
1812 384 1918 409 autem
1938 389 1985 408 re-

1147 431 1222 474 liqui
1236 431 1334 462 Ficini
1346 432 1528 473 effectorem:
1548 428 1707 459 maluerim
1720 436 1822 460 tamen
1837 430 1986 471 opificem,

1147 491 1183 513 ut
1202 483 1267 525 ipse
1286 483 1407 521 ποιητὴν
1422 481 1514 512 vertit
1535 480 1567 511 in
1593 479 1728 511 Platonis
1743 480 1774 510 T
1777 479 1865 511 imaeo
1885 492 1917 522 p.
1935 480 1985 512 28.

1147 545 1177 576 p.
1197 543 1244 575 23.
1263 533 1396 564 Bekkeri
1410 540 1441 564 et
1455 532 1539 563 alibi.
1570 532 1626 562 Cr.

248 590 427 621 sententiam
456 587 589 619 Platonis
617 586 734 617 Phileb.
762 597 793 628 p.
811 594 859 625 79.
889 585 932 626 [p.
953 585 1020 626 28.]
1044 584 1086 614 D.
1105 589 1129 617 B
1191 596 1222 626 p.
1238 584 1279 614 lii.
1295 584 1320 616 d.
1356 585 1387 614 ἐκ
1412 585 1444 615 δὲ
1469 586 1518 622 τῆς
1540 583 1707 621 Ἀμμωνίου
1736 583 1894 615 συνουσίας
1922 595 1986 613 ποι·

248 642 355 674 πάντες
380 643 436 680 γὰρ
462 640 672 679 συμφωνοῦσιν
696 639 723 668 οἱ
747 637 847 676 σοφοὶ,
874 635 991 667 ἑαυτοὺς
1015 635 1088 665 οὕτω

250 693 367 735 [ὄντως]
394 692 596 730 σεμνύνοντες,
621 690 657 720 ὡς
680 690 746 719 νοῦς
769 689 832 718 ἐστι
854 686 998 724 βασιλεὺς
1021 686 1089 723 ἡμῖν

249 746 372 785 οὐρανοῦ
389 743 450 785 [τε]
469 743 514 773 καὶ
529 743 590 781 γῆς.
618 739 670 770 ubi
687 737 928 781 olympiodorus
946 736 976 766 in
994 737 1086 767 Com-

248 796 397 828 mentario
427 793 533 825 laudat
559 791 655 823 simile
683 789 871 832 Orphicum:
908 790 974 820 νοῦς
1001 787 1033 818 δέ
1062 788 1089 818 οἱ

249 848 378 888 ἀψευδὴς
393 844 577 885 βασιλήϊος.”
601 842 766 873 Ruhnken.
806 839 937 870 Dissert.
950 838 989 869 de
1005 839 1090 869 Lon-

247 900 320 941 gino
343 900 373 939 §.
392 898 430 928 V.
455 908 483 938 p.
500 896 574 935 496.
595 894 720 934 Bergm.
767 891 818 922 Cf.
844 890 1024 922 Stallbaum.
1049 889 1089 920 ad

1148 636 1269 673 ούμενος
1288 637 1338 668 τὰς
1361 636 1522 676 διατριβὰς]
1551 638 1571 652 “
1584 633 1644 665 Sed
1660 633 1699 663 de
1716 633 1883 664 Ammonio
1903 640 1990 664 tanto

1148 686 1250 716 minus
1267 686 1315 716 hic
1331 686 1431 716 dicere
1451 697 1571 716 necesse
1593 691 1650 723 est,
1666 685 1751 726 quod
1769 689 1834 715 tota
1853 684 1986 726 philoso-

1149 736 1265 778 phandi
1288 736 1375 774 ratio,
1396 747 1489 778 quam
1513 743 1635 767 secutus
1656 743 1713 773 est,
1737 747 1754 766 e
1778 735 1901 766 Plotino
1923 736 1990 778 ejus

1149 787 1311 830 discipule,
1332 787 1385 829 qui
1407 787 1487 817 illam
1511 787 1603 818 literis
1626 786 1773 828 prodidit,
1794 786 1988 828 intelligitur.

1151 838 1325 878 (Hierocles
1355 850 1402 880 ap.
1432 838 1579 869 Photium
1611 838 1693 869 Bibl.
1725 837 1801 869 Cod.
1835 838 1990 869 CCXIV.

1149 901 1178 932 p.
1195 900 1213 931 5
1217 890 1305 931 50.)''
1328 889 1495 920 Ruhnken.
1519 889 1557 919 de
1580 889 1725 931 Longino
1744 890 1780 920 V.
1807 900 1835 931 p.
1850 900 1925 930 494.
1943 900 1989 931 sq.

250 949 369 981 Philebi
385 949 402 979 l.
414 960 440 979 e.
456 959 483 989 p.
497 948 547 986 76.
577 944 672 975 Adde
689 943 803 974 Plotin.
819 953 852 984 p.
865 950 915 982 72.
926 942 967 972 E.
999 940 1089 971 Idem
1108 949 1131 977 C
1150 941 1273 983 Bergm.
1320 939 1476 982 Equidem
1497 939 1528 970 in
1545 939 1660 971 Plotini
1676 940 1738 971 vita
1760 940 1863 982 plures
1885 947 1990 971 aetates

250 1003 306 1033 IV.
323 1012 360 1042 9:
385 998 542 1039 βασιλικὸς
563 998 636 1028 νοῦς.
661 1001 691 1026 et
708 995 746 1025 V.
762 1004 790 1035 3.
807 1004 838 1036 3.
854 994 922 1024 fin.:
945 992 1090 1031 βασιλεὺς

249 1055 279 1084 δὲ
294 1053 365 1092 πρὸς
379 1053 451 1090 ἡμᾶς
472 1051 582 1081 ἐκεῖνος
604 1049 634 1087 (ὁ
656 1048 735 1086 νοῦς)
753 1053 783 1076 et
803 1045 845 1076 ibi
863 1046 976 1075 Annot.
994 1051 1088 1074 nostr.

248 1103 438 1146 Porphyrius
460 1113 510 1143 ap.
533 1099 650 1130 Euseb.
676 1099 711 1128 P.
730 1098 770 1128 E.
794 1097 864 1127 III.
882 1106 917 1136 9:
946 1095 1090 1133 βασιλεὺς

248 1158 304 1196 γὰρ
326 1157 377 1185 τοῦ
398 1154 508 1191 κόσμου
528 1153 543 1182 ὁ
567 1149 738 1189 δημιουργὸς
761 1150 835 1180 νοῦς.
884 1146 967 1176 Hinc
991 1146 1090 1185 νοεραὶ

247 1207 401 1246 βασίλειαι
422 1203 533 1246 passim
552 1201 729 1238 Platonicis,
748 1206 781 1230 ut
799 1197 909 1229 Proclo
932 1197 961 1227 in
986 1197 1087 1227 Alcib.

248 1270 295 1300 pr.
318 1269 347 1299 p.
366 1266 438 1296 249.
461 1255 510 1286 cd.
527 1261 619 1284 nostr.
642 1259 672 1283 et
694 1251 840 1281 videntur
861 1260 949 1279 voc-es
973 1250 1037 1280 νοῦς
1059 1255 1087 1279 et

1150 991 1299 1033 distingui
1316 990 1416 1021 velim.
1461 992 1519 1022 Est
1540 991 1618 1022 enim
1642 991 1811 1033 probabile,
1828 999 1858 1022 et
1876 992 1919 1022 ita
1932 991 1987 1023 ho-

1150 1043 1263 1084 dieque
1278 1042 1342 1073 fieri
1357 1042 1499 1080 vidimus,
1513 1042 1551 1073 ab
1566 1042 1652 1073 initio
1665 1042 1820 1073 Plotinum
1836 1042 1912 1073 nihil
1926 1043 1990 1074 fere

1150 1094 1234 1125 aliud
1256 1093 1426 1130 tradidisse,
1443 1104 1535 1135 quam
1557 1093 1641 1135 quod
1663 1093 1702 1123 ab
1718 1093 1886 1125 Ammonio
1908 1106 1992 1125 acce-

1150 1153 1255 1188 perat;
1280 1152 1386 1187 postea
1401 1156 1473 1175 vero
1493 1155 1582 1174 suum
1599 1144 1728 1175 evasisse
1750 1152 1781 1175 et
1796 1156 1851 1175 sua
1865 1157 1990 1187 quoque

1150 1208 1219 1228 cum
1247 1196 1458 1227 Ammonianis
1481 1195 1629 1227 docuisse.
1675 1197 1756 1226 Nam
1780 1196 1804 1227 si
1828 1204 1911 1228 totus
1936 1209 1989 1240 pe-

1150 1248 1304 1291 pendisset
1323 1248 1362 1278 ab
1379 1248 1559 1285 Ammonio,
1575 1247 1630 1289 qui
1651 1247 1774 1278 tandem
1797 1248 1862 1278 fieri
1884 1256 1992 1290 potue-

247 1311 335 1348 μόνος
358 1307 470 1349 saepius
492 1303 641 1336 confundi
663 1303 693 1333 in
715 1310 852 1332 veterum
875 1300 968 1330 libris.
1007 1301 1091 1337 Quo·
1108 1307 1134 1334 D
1151 1300 1200 1337 rit,
1218 1308 1251 1330 ut
1272 1299 1298 1330 ei
1319 1307 1439 1330 tantum
1463 1299 1633 1330 tribuerent
1655 1299 1798 1341 aequales,
1813 1307 1854 1337 et,
1871 1299 1924 1342 qui
1941 1300 1992 1330 de-

248 1361 327 1391 circa
348 1359 426 1389 lianc
451 1357 657 1398 conjecturam
680 1351 925 1396 XVyttenbachio
947 1351 1090 1393 probasse

248 1411 370 1442 videtur
387 1407 593 1440 Ruhnkenius
616 1413 645 1437 et
666 1405 731 1436 aliis
751 1415 876 1446 qnoque
892 1403 963 1433 viris
981 1402 1089 1438 doctis,

249 1474 310 1493 non
326 1463 398 1492 item
418 1459 530 1490 Victori
549 1458 677 1493 Cous-in,
694 1456 747 1498 qui
767 1455 796 1485 in
813 1455 950 1485 Journal
964 1455 1016 1484 (Ies-
1032 1455 1092 1485 Stl-

250 1524 328 1544 vans
351 1513 368 1543 l.
386 1512 406 1542 l.
429 1511 468 1542 de
490 1510 547 1541 hoc
571 1508 714 1549 origenis
740 1507 818 1537 libro
842 1506 900 1537 ita:
938 1510 1043 1536 “sous
1065 1505 1091 1535 le

250 1567 323 1596 titre
348 1574 435 1594 osse:
456 1563 585 1592 obscur:
619 1561 662 1590 ὅτι
684 1560 773 1598 μόνος
795 1557 912 1596 ποιητὴς
934 1558 980 1587 καὶ
1001 1560 1091 1594 βασι-

250 1616 344 1648 λεύς.”
377 1614 547 1645 Sclmellius
571 1612 607 1642 V.
632 1610 679 1641 Cl.
704 1621 742 1640 ne
765 1608 850 1639 novit
874 1608 999 1650 quidem
1024 1618 1090 1638 eam

1151 1352 1254 1394 inceps
1276 1351 1371 1382 secuti
1394 1358 1477 1388 sunt,
1499 1362 1564 1381 eam
1588 1351 1734 1381 rationem
1757 1351 1875 1381 Plotini
1891 1350 1992 1393 philo-

1150 1403 1289 1445 sophiam
1326 1402 1474 1440 dicerent,
1510 1401 1732 1443 Plotinumque
1769 1401 1992 1432 Alexandrinae

1150 1454 1231 1484 illins
1247 1453 1415 1496 disciplinae
1430 1461 1585 1484 auctorem
1602 1453 1791 1495 proderent?
1816 1452 1945 1483 Proclus
1960 1453 1991 1483 in

1150 1505 1258 1537 Theol.
1284 1505 1405 1536 Platon.
1431 1505 1457 1535 I.
1479 1514 1502 1534 1.
1528 1504 1607 1534 idem
1634 1505 1661 1534 I.
1682 1514 1729 1534 10.
1753 1515 1784 1545 p.
1803 1513 1854 1534 21:
1880 1503 1947 1534 ἀλλ’
1964 1505 1993 1534 οἱ

1150 1559 1205 1596 μὲν
1228 1557 1350 1587 παλαιοὶ
1375 1557 1420 1586 καὶ
1445 1558 1494 1594 τῆς
1517 1556 1672 1586 Πλωτίνου
1696 1555 1878 1594 φιλοσοφίας
1903 1567 1990 1593 μετα-

1151 1609 1284 1648 σχόντες.
1323 1607 1391 1638 vid.
1415 1615 1445 1637 et
1470 1606 1634 1648 Augustin.
1657 1613 1763 1636 contra
1789 1605 1993 1636 Academicos

249 1665 492 1699 emendationem
524 1663 553 1693 in
586 1662 671 1693 IIist.
699 1661 738 1691 de
768 1660 795 1690 la
827 1659 893 1690 Lit.
917 1660 1029 1700 Grecq.
1054 1659 1089 1689 V.
1109 1663 1133 1690 E
1154 1660 1221 1690 III.
1244 1660 1290 1689 18.
1309 1657 1354 1700 [p.
1370 1659 1439 1689 266.
1456 1658 1502 1689 ed.
1516 1659 1549 1688 J.
1563 1659 1654 1699 Casp.
1672 1656 1777 1688 Orellii
1796 1657 1834 1687 ad
1851 1656 1923 1688 calc.
1941 1657 1991 1688 ed.

250 1731 279 1761 p.
301 1728 371 1758 171.
387 1724 415 1748 et
433 1717 462 1747 in
479 1715 536 1745 hoc
553 1713 643 1745 titulo
657 1711 839 1755 explicando
855 1710 992 1741 Eusebio
1006 1709 1092 1740 attri-

250 1770 328 1808 buit,
344 1780 415 1811 quae
431 1766 541 1798 valesii
558 1772 640 1796 sunt.
670 1763 910 1805 Engellmrdtus
931 1769 1034 1792 autem
1053 1762 1090 1791 V.

251 1821 297 1852 Cl.
316 1820 423 1851 vertit:
451 1823 472 1836 ‘⁶
484 1819 569 1848 Dosa
591 1817 646 1847 [lcr
667 1816 796 1857 Kocm'g
814 1814 869 1845 der
888 1815 1011 1856 eivixz'g'e
1035 1813 1092 1843 Ge-

250 1872 407 1915 scizgeher
418 1872 462 1911 (ἓ)
480 1869 560 1911 sqq?
606 1868 674 1905 Me,
697 1874 730 1897 ut
754 1866 852 1896 dicam
875 1864 959 1906 quod
983 1864 1090 1899 sentio,

252 1933 433 1965 suspensum
451 1928 533 1952 tenet
549 1931 609 1950 non
627 1927 688 1949 tam
706 1918 852 1948 librorum
870 1916 969 1954 lectio,
982 1915 1036 1957 qui
1051 1915 1091 1945 ad

252 1986 348 2005 unum
364 1985 469 2005 omnes
493 1972 522 2002 in
541 1971 665 2012 vulgata
679 1969 846 2012 persistunt
864 1967 939 2007 (scio
961 1966 1041 1997 enim
1061 1966 1091 1996 in

1151 1710 1251 1753 pecul.
1275 1710 1422 1740 librorum
1451 1709 1589 1740 Ciceron.
1614 1708 1736 1739 Acadd.
1762 1716 1791 1738 et
1817 1707 1855 1738 de
1880 1708 1990 1750 Finn.]

1151 1762 1223 1792 item
1250 1761 1289 1792 dc
1314 1761 1406 1792 Civit.
1432 1761 1491 1791 Dei
1519 1761 1585 1790 IX.
1606 1769 1652 1790 10.
1679 1767 1709 1790 et
1731 1760 1770 1790 cf.
1789 1759 1992 1790 'l'iedemanni

1153 1812 1241 1843 Geist
1256 1812 1311 1843 der
1327 1811 1439 1854 specul.
1459 1811 1574 1842 Philos.
1593 1812 1662 1842 III.
1680 1822 1709 1852 p.
1728 1812 1798 1851 265.
1831 1811 1884 1841 Cr.

1195 1876 1226 1906 p.
1238 1863 1278 1894 lii.
1294 1870 1318 1894 Ε.
1336 1863 1521 1904 Λυσιμάχου]
1542 1862 1629 1893 Infra
1643 1874 1710 1904 cap.
1730 1862 1812 1892 XX.
1830 1873 1859 1902 p.
1876 1871 1944 1902 129.
1961 1863 1991 1893 6.

1154 1915 1274 1946 Fabric.
1291 1927 1308 1945 a
1329 1914 1473 1956 Longino
1497 1913 1605 1944 Stoicis
1627 1912 1809 1954 adjungitur
1831 1912 1879 1943 hic
1904 1912 1994 1954 Lysi-

1153 1966 1281 1997 machus
1303 1965 1435 2007 indeque
1458 1965 1487 1995 in
1504 1965 1615 1995 horum
1631 1963 1803 2005 catalogum
1820 1963 1934 1994 relatus
1948 1972 1994 1994 est

254 2026 367 2056 Plotini
396 2023 622 2066 Porphyriiqne
651 2020 771 2063 seriptis
801 2019 894 2050 latere
925 2018 1092 2049 inveterata
1111 2020 1134 2047 F
1153 2030 1170 2048 a
1196 2017 1338 2048 Fabricio
1367 2016 1448 2047 Bibl.
1474 2017 1529 2047 Gr.
1555 2016 1623 2046 ΙΙΙ.
1653 2027 1682 2056 p.
1699 2017 1770 2055 565.
1799 2014 1846 2045 ed.
1868 2014 1992 2046 Harles.

252 2077 353 2108 ulcera
375 2075 458 2106 haud
482 2076 594 2116 pauca)
619 2083 711 2114 quam
736 2070 811 2101 illud
837 2070 983 2112 primum,
1007 2068 1092 2111 quod

253 2128 294 2158 illi
315 2126 405 2158 titulo
427 2126 481 2156 soli
500 2125 592 2156 verba
615 2123 848 2166 planiittiintur
870 2122 917 2152 ἐπὶ
936 2121 1090 2159 Γαλιήνου,

253 2178 372 2215 deinde,
403 2177 485 2218 quod
515 2187 625 2218 parum
656 2174 799 2205 credibile
827 2180 884 2210 est,
915 2172 1092 2212 Origenem‚

253 2229 411 2261 Ammonii
433 2227 630 2269 discipulum,
651 2224 893 2267 comliscipulum
918 2223 1043 2259 Plotini,
1063 2230 1092 2253 et

253 2292 345 2324 quem
363 2280 409 2310 hic
426 2280 455 2309 in
471 2278 553 2309 omni
569 2278 632 2308 vita
647 2285 805 2317 tantopere
821 2275 939 2306 colebat
954 2274 1092 2315 adeoque

254 2331 467 2367 venerabatur,
483 2341 553 2360 eum
574 2328 668 2369 igitur
684 2327 713 2357 in
730 2326 875 2368 primario
890 2325 1012 2356 decreto
1030 2333 1060 2355 et
1075 2336 1093 2355 a

1154 2069 1251 2099 Ron:
1277 2068 1437 2108 φιλοπονίᾳ
1459 2068 1489 2097 δὲ
1510 2067 1770 2106 ὑπερβαλλόμενος
1791 2069 1848 2096 τῶν
1864 2065 1924 2096 καθ’
1942 2067 1992 2097 αὐ-

1153 2119 1204 2150 τὸν
1229 2119 1347 2150 πάντων
1375 2118 1493 2160 “Lege
1519 2117 1647 2149 miurus-'⁹
1672 2118 1757 2147 Dan.
1786 2117 1993 2159 Ilffzjttenbach.

1154 2169 1304 2212 Polybius
1320 2169 1400 2199 VII.
1420 2179 1444 2199 1.
1466 2179 1490 2199 1.
1508 2180 1537 2210 p.
1550 2168 1623 2209 583.
1642 2168 1786 2209 Schwgh.
1803 2170 1992 2208 ὑπερβαλλο-

1153 2221 1259 2259 μένους
1281 2221 1334 2258 τὴν
1356 2220 1421 2259 περὶ
1444 2220 1584 2258 Κρότωνα
1611 2220 1657 2250 καὶ
1680 2221 1811 2258 Σύβαριν
1832 2222 1992 2259 παραδεδο-

1153 2272 1244 2310 μένην
1268 2271 1376 2311 φήμην-

1155 2324 1235 2354 Mox
1253 2334 1270 2352 e
1290 2321 1377 2352 bonis
1397 2321 1481 2351 libris
1501 2321 1572 2351 dedi
1594 2322 1689 2352 πάντα
1704 2324 1739 2352 τὰ
1755 2322 1922 2360 Νουμηνίου
1937 2332 1994 2363 pro

1423 2270 1483 2301 Sed
1509 2270 1572 2300 sine
1600 2270 1684 2301 libris
1709 2279 1828 2301 mutare
1854 2270 1994 2301 nolui.—

253 2383 400 2424 magistro
415 2389 445 2412 et
460 2392 478 2411 a
493 2379 697 2410 commilitone
713 2390 768 2408 suo
784 2376 968 2413 dissensisse,
982 2383 1016 2406 ut
1029 2375 1093 2406 duo
1111 2379 1137 2406 G
1155 2374 1237 2416 vulg.
1255 2386 1284 2404 π.
1301 2375 1352 2403 τοῦ
1367 2376 1406 2403 Ν.
1444 2373 1623 2403 Numenius
1639 2373 1718 2403 infra
1733 2384 1751 2403 a
1767 2372 1908 2415 Longino
1923 2383 1992 2402 cen-

254 2443 375 2466 tantum
391 2443 493 2462 rerum
510 2430 659 2472 principia
674 2436 829 2459 statueret.
873 2428 950 2464 Quae
965 2437 1034 2457 cum
1051 2426 1093 2456 ita

255 2486 324 2523 sint,
341 2482 595 2526 acquiescendum
615 2489 693 2523 puto
715 2480 745 2509 in
763 2478 912 2510 Bruckeri
935 2477 1093 2514 sententia,

255 2537 308 2579 qui
329 2535 472 2575 βασιλεὺς
489 2533 581 2563 refert
604 2531 643 2562 ad
666 2531 769 2567 deum,
787 2538 932 2571 tanquam
955 2528 1093 2559 condito-

256 2599 319 2619 rem
343 2594 372 2617 et
394 2596 497 2627 regem
520 2582 663 2614 universi.
709 2582 752 2612 Et
775 2580 870 2623 possit
889 2579 1037 2621 Origenes
1059 2591 1095 2609 eo

255 2640 285 2669 in
302 2639 378 2669 libro
394 2635 557 2668 Gnosticos
572 2633 721 2676 quosdam
738 2632 945 2674 impugnasse,
958 2630 1013 2672 qui
1028 2629 1095 2671 plu-

256 2702 302 2721 res
318 2687 504 2728 δημιουργοὺς
519 2685 614 2727 hujus
629 2683 737 2715 mundi
753 2684 914 2725 fingerent,
928 2682 967 2713 de
983 2681 1095 2723 quibus

1154 2432 1238 2456 setur
1252 2436 1320 2466 cap.
1338 2424 1422 2454 XX.
1439 2425 1468 2453 8.
1485 2435 1514 2464 p.
1534 2433 1605 2464 130.
1622 2432 1652 2454 et
1667 2424 1737 2454 hinc
1753 2424 1783 2454 in
1800 2422 1994 2465 Fragmentis

1155 2476 1286 2518 Longini
1302 2476 1338 2506 V.
1356 2476 1384 2505 6.
1408 2487 1436 2516 p.
1460 2476 1526 2505 181.
1543 2474 1664 2505 Weisk.
1712 2474 1787 2505 Fuit
1809 2473 1994 2516 Apamensis

1156 2529 1263 2569 Syrus.
1295 2526 1405 2557 Suidas
1430 2527 1479 2556 11.
1497 2527 1570 2567 634.
1589 2526 1680 2556 Kust.
1712 2524 1853 2556 Eudocia
1873 2536 1902 2566 p.
1919 2525 1991 2565 308.

1154 2578 1251 2609 Plura
1277 2577 1315 2607 dc
1341 2590 1376 2609 co
1398 2577 1459 2607 Th.
1479 2576 1642 2607 Reinesius
1667 2584 1697 2607 et
1720 2575 1834 2607 Christ.
1859 2575 1990 2605 Godofr.

1156 2628 1301 2659 Mueller.
1319 2628 1348 2658 in
1367 2628 1457 2658 obss.
1473 2627 1503 2658 in
1527 2627 1653 2658 Suidam
1670 2639 1700 2669 p.
1718 2635 1786 2667 179.
1817 2627 1917 2656 Henr.
1934 2626 1991 2656 Va-

1154 2681 1245 2711 lesius
1268 2679 1305 2710 ad
1333 2679 1448 2710 Euseb.
1473 2679 1516 2709 H.
1534 2679 1573 2709 E.
1593 2679 1649 2709 VI.
1669 2688 1714 2718 19.
1740 2688 1769 2719 p.
1789 2686 1858 2716 244.
1875 2688 1920 2718 sq.
1943 2676 1993 2707 ed.
