2201 2990
786 126 1040 160 EPISTOLA
1067 125 1136 159 DE
1165 126 1403 160 PLOTINO.

227 228 328 268 ἀγρὸν,
347 228 394 258 καὶ
415 229 475 258 τοῖς
497 226 604 256 ὁδί-παις
627 223 679 261 τὴν
699 222 842 261 μουσικὴν
864 223 1067 253 ἐπιδείκνυται.

220 278 324 309 ΦΑισαι
344 279 415 318 γοῦν
435 276 481 307 καὶ
501 276 582 313 ἡμεῖς
602 275 653 306 τὰς
673 275 728 305 σὰς
750 274 855 312 ἀρετᾶς
878 274 1065 312 ἐπειγόμεθα.

225 329 404 360 ἐκθάλπουσι
419 327 475 367 γάρ
490 332 567 357 πωςῖ
583 326 629 355 καὶ
640 326 820 363 ζωοπυροῦσι
835 324 908 363 πρὸς
924 325 1067 363 ἐγκώμιον

223 382 259 411 τὰ
272 379 406 418 ἡμέτερα.
429 377 521 408 πάλαι
536 377 592 416 γὰρ
609 374 805 414 νεκρωθέντας
825 375 898 413 ἡμᾶς
916 377 954 416 τῷ
973 376 1066 415 ῥυπώ-

223 431 280 461 &eas
299 431 356 470 βίῳ
377 430 409 459 ἐκ
429 430 486 458 τῶν
507 429 569 457 σῶν
588 425 765 466 γραμμάτων
786 426 858 465 πρὸς
879 427 985 465 ἀρετὴν
1001 427 1065 457 ἆνε-

220 482 375 521 ψύχωσας.
414 480 498 510 Οὕτω
525 479 665 517 γενοίμην
688 479 703 508 ὁ
731 478 848 517 Κριτίας
875 480 1028 509 Πλωτῖνος
1039 484 1062 508 ἕ.

220 533 373 562 Πλωτῖνος
391 531 446 568 μὲν
462 531 517 569 γὰρ
535 528 552 567 ἢ
571 529 705 567 σώματος
726 528 808 561 ἐκτὸς
828 532 996 568 φιλοσοφεῖ
1017 530 1065 560 ἐπὶ

1832 134 1963 168 cxxxix

1111 230 1213 264 gcstu,
1229 234 1340 264 agrum
1366 234 1421 265 pro
1444 223 1575 261 theatro,
1591 232 1622 255 ct
1638 226 1807 260 viatoribus
1829 231 1960 262 musices

1466 275 1603 305 Proinde
1623 283 1653 306 ct
1676 288 1730 308 nos
1750 290 1898 321 urgemur
1918 281 1957 313 ad

1111 324 1264 355 canendas
1280 332 1349 355 tuas
1363 325 1502 356 virtutes.
1527 326 1721 358 Calefaciunt
1738 340 1869 373 namque
1882 345 1958 374 quo-

1111 375 1278 406 daminodo
1293 385 1322 407 et
1339 376 1532 407 inflammant
1551 377 1591 407 ad
1612 377 1819 411 laudationem
1841 383 1957 414 animos

1112 273 1264 315 specimen
1282 274 1418 305 exhibet.

1110 434 1239 458 nostros,
1286 427 1367 457 Olim
1392 427 1473 458 onim
1494 436 1650 459 emortuos
1674 441 1728 460 nos
1751 432 1874 463 sordida
1893 434 1957 465 vita

1109 488 1146 507 cx
1165 477 1226 508 tuis
1247 477 1341 509 literis
1362 479 1401 509 ad
1419 478 1563 510 virtutem
1586 480 1794 512 redanimasti.
1841 484 1892 514 Ita
1907 485 1956 516 ille

1110 529 1223 559 Critias
1239 530 1309 560 fiam
1327 530 1470 561 Plotinus
1484 533 1490 561 1
1528 531 1672 562 Plotinus
1688 543 1822 575 namque
1837 534 1885 564 vel
1900 547 1955 565 cx-

1110 588 1155 610 tra
1171 592 1284 623 corpus
1299 581 1537 624 philosophatur
1549 582 1578 613 in
1594 590 1684 621 terra,
1696 583 1744 614 vel
1760 584 1955 627 philosophia

219 584 279 622 γῆς,
299 581 316 620 ἢ
338 582 507 621 φιλοσοφία
529 582 742 618 σωματωθεῖσα
764 579 824 619 μετ’
844 580 1005 619 ἀνθρώπων
1026 581 1063 612 ὡς

1107 643 1219 674 corpus
1234 633 1315 664 facta
1331 645 1402 664 cum
1419 633 1596 665 hominibus
1613 634 1708 666 veluti
1723 635 1817 666 homo
1831 648 1956 667 conver-

218 634 368 672 ἄνθρωπος
382 631 609 671 ἀναστρέφεται.

1107 690 1201 714 satur.

256 789 268 803 e
289 795 343 811 πως
357 783 438 811 abest
453 793 470 810 a
484 782 574 809 tribus
589 782 668 809 libris
684 791 750 809 mss.
766 788 871 809 nostrr.
888 788 917 809 et
932 782 1021 809 videri
1038 783 1126 819 possit
1143 783 1293 811 debilitare
1309 784 1495 815 sententiam,
1512 784 1567 811 nisi
1582 785 1705 822 accipias
1720 796 1772 822 pro
1787 787 1873 814 nescio
1889 798 1954 824 quo-

215 825 298 851 modo.
334 823 464 851 Proxime
480 823 544 850 dedi
559 823 590 848 τὰ
605 823 713 858 ἡμέτερα
727 831 760 850 ex
776 823 834 850 Pal.
852 822 886 849 Β.
923 823 1038 859 Reliqui
1054 833 1170 851 omncs:
1194 825 1225 851 τὰ
1241 826 1356 860 ὑμέτερα.
1390 825 1499 852 Verum
1514 825 1636 853 sensisse
1651 826 1766 853 videtur
1776 829 1837 865 jam
1852 828 1952 856 Kime-

214 865 343 897 doneius,
358 864 406 900 qui
418 863 520 891 vertit:
540 867 557 877 ‘⁴
570 862 726 890 confovent
741 863 817 890 enim
835 863 931 899 aliquo
946 864 1033 891 modo
1045 874 1080 891 ece
1096 870 1124 891 et
1139 865 1320 892 inflammant
1336 865 1370 892 ad
1383 866 1585 893 encomium:''
1601 872 1703 894 contra
1717 867 1789 895 alter
1799 868 1952 905 interpres,

214 905 262 942 qui
278 905 349 933 falso
364 905 498 943 CuJacius
520 903 707 941 perhibetur:
731 907 752 918 “
769 909 797 931 et
819 904 901 940 quasi
917 904 1043 931 excitant
1065 905 1099 932 ad
1122 905 1238 933 laudem
1259 912 1371 933 vestros
1393 907 1513 934 animos.
1556 906 1608 934 Est
1629 913 1727 935 autem
1750 909 1952 945 accipiendum

212 956 264 982 pro
279 946 350 980 ἡμᾶς.

253 985 264 1005 f
283 989 318 1013 τῶ
338 986 441 1020 ρυπώδη
462 987 511 1021 βίῳ
527 983 624 1012 Vatic.
641 983 708 1012 vitio
730 994 782 1021 per
798 984 967 1012 Itacismum
989 992 1151 1022 procreato.
1196 986 1265 1013 Mox
1283 996 1297 1014 e
1314 987 1403 1014 Palat.
1422 988 1454 1014 B.
1476 988 1573 1024 recepi
1594 988 1777 1023 ἀνεψύχωσας.
1821 989 1951 1018 sensisse

212 1014 316 1054 iteruui
331 1026 446 1054 videtur
462 1025 680 1056 Kimedoncius,
697 1025 756 1061 qui,
772 1025 856 1053 valde
874 1026 998 1062 juvenis.
1014 1026 1131 1053 vixdum
1150 1027 1347 1064 septendecim
1370 1037 1461 1055 annos
1483 1034 1569 1055 natus
1584 1029 1746 1056 versionem
1768 1029 1846 1062 fecit,
1863 1041 1949 1067 quam

212 1077 269 1094 suae
285 1067 404 1095 editioni
420 1066 525 1104 adjecit
540 1066 691 1097 Gruterus,
707 1066 795 1093 vertit
815 1066 891 1093 enim
905 1077 909 1092 :
935 1067 1109 1093 resuscitasti.
1153 1067 1249 1095 Ceteri
1272 1078 1372 1096 omnes
1394 1068 1544 1103 ἐψύχωο-ας.
1591 1068 1647 1096 Sed
1663 1075 1695 1096 tu
1709 1070 1766 1097 vid.
1781 1071 1949 1108 Alciphron.

211 1108 265 1144 Ep.
279 1108 316 1135 II.
333 1116 360 1143 4.
377 1116 424 1143 43.
441 1117 469 1143 p.
484 1115 550 1142 325.
566 1106 702 1143 Wagner.
719 1112 748 1134 et
764 1106 882 1134 consule
897 1107 963 1134 Tib.
981 1107 1147 1135 Hemsterh.
1164 1108 1198 1135 ad
1215 1108 1335 1136 Lucian.
1352 1109 1528 1145 Contempll.
1545 1111 1567 1143 ξ.
1580 1118 1624 1136 22.
1640 1119 1667 1146 p.
1681 1117 1749 1146 521.
1766 1111 1810 1138 ed.
1822 1111 1928 1141 WVetst.

252 1153 267 1174 g
288 1148 377 1175 Editt.
395 1148 477 1175 Grut.
495 1153 524 1174 et
539 1147 637 1174 Aurel.
650 1158 656 1174 ;
680 1146 746 1173 οὕτω
759 1147 879 1182 γενοίμην
894 1149 907 1172 0'
923 1148 1025 1182 Κριτίας
1040 1150 1180 1176 Πλωτῖνος.
1204 1149 1217 1182 ἢ
1233 1151 1352 1183 σώματος
1367 1150 1437 1177 ἐκτὸς
1452 1151 1599 1184 φιλοσοφεῖ
1614 1152 1627 1175 ὁ
1643 1151 1684 1177 ἐπὶ
1698 1152 1754 1186 γῆς,
1770 1151 1784 1185 ἢ
1799 1153 1831 1187 φ.
1848 1164 1869 1179 κ.
1882 1165 1904 1180 τ.
1921 1156 1946 1180 λ.

212 1188 283 1216 Cod.
295 1189 360 1216 Vat.
405 1188 524 1216 Urbin.:
548 1188 587 1213 οὑ.
602 1199 629 1223 γ.
646 1189 659 1213 ὁ
675 1188 787 1222 Κριτίας.
809 1189 942 1215 Πλωτῖνος
956 1189 1005 1223 γὰρ
1020 1188 1033 1221 ἢ
1049 1190 1168 1223 σώματος
1190 1190 1260 1217 ἐκτὸς
1281 1191 1428 1225 φιλοσοφεῖ
1444 1190 1563 1225 (omisso
1579 1191 1619 1217 ἐπὶ
1633 1192 1692 1225 γῆς)
1709 1192 1732 1225 ἢ.
1749 1193 1885 1226 φ.-μετὰ
1904 1194 1947 1221 ἅν-

211 1230 319 1264 θρώπων
334 1230 366 1256 ὡς
381 1241 402 1255 κ.
413 1240 436 1255 τ.
448 1231 475 1255 λ.
518 1228 607 1255 Palat.
620 1229 661 1254 A:
679 1228 744 1254 οὕτω
756 1239 809 1263 γεν.
825 1230 838 1253 ὁ
855 1229 958 1263 Κριτίας
972 1231 1114 1256 Πλωτῖνος.
1135 1230 1157 1255 εἷ
1172 1232 1290 1264 σώματος
1305 1231 1376 1258 ἐκτὸς
1387 1232 1546 1265 φιλοσοφεῖς
1561 1232 1602 1257 ἐπὶ
1615 1233 1662 1266 ’γῆς
1677 1232 1795 1266 ἢ-μετὰ
1809 1233 1948 1268 ἀνθρώπων

211 1271 244 1297 ὡς
258 1270 455 1305 ἀναστρέφεται.
491 1268 580 1295 Palat.
594 1269 626 1295 B.
642 1268 708 1294 οὕτω
722 1269 840 1304 γενοίμην
855 1270 868 1294 ὁ
884 1270 988 1304 Κριτίας
1002 1272 1143 1297 Πλωτῖνος·
1166 1272 1298 1298 Πλωτῖνος
1312 1272 1358 1305 μέν
1371 1272 1421 1306 γὰρ
1437 1271 1449 1304 ἦ
1465 1272 1536 1298 ἐκτὸς
1550 1273 1596 1297 τοῦ
1612 1273 1731 1306 σώματος
1745 1274 1893 1309 φιλοσοφεῖ
1907 1276 1948 1302 ἐπὶ

209 1312 256 1346 γῆς
271 1311 284 1344 ἢ
299 1313 330 1345 φ.
347 1322 373 1337 σ.
389 1309 443 1344 μετ’
458 1309 596 1344 ἀνθρώπων
612 1309 644 1336 ὡς
659 1309 790 1344 ἅνθρωπος
804 1309 911 1344 ἀναστρ.
947 1310 1043 1345 Atque
1059 1310 1136 1337 hunc
1152 1310 1275 1338 maxime
1291 1320 1353 1338 sum
1370 1316 1494 1344 secutus,
1511 1320 1565 1339 nec
1580 1312 1650 1339 illud
1665 1313 1712 1346 μὲν
1726 1318 1794 1340 ante
1808 1315 1858 1350 γὰρ
1874 1315 1946 1342 obli-

210 1357 301 1378 terare
316 1351 404 1382 volui,
421 1356 453 1377 ut
469 1349 546 1386 quod
561 1349 704 1386 abjectum
720 1349 852 1377 videatur
867 1360 883 1377 a
896 1349 1028 1381 librariis,
1046 1350 1094 1386 qui
1111 1351 1257 1378 nescirent
1271 1353 1317 1385 μὲν
1332 1352 1490 1379 sexcenties
1511 1352 1579 1388 poni
1596 1352 1749 1381 deficiente
1771 1354 1801 1381 in
1823 1364 1945 1391 sequen-

209 1391 286 1418 tibus
298 1393 333 1419 δέ,
363 1390 516 1419 Sententia
531 1395 559 1417 et
574 1390 635 1426 ipsa
650 1389 737 1417 ducta
751 1396 794 1417 est
809 1399 824 1417 e
839 1389 935 1417 fabula
950 1391 1089 1418 Platonis:
1107 1390 1174 1418 ὥστε
1188 1391 1294 1426 ᾅδοντες
1308 1391 1439 1426 ἠμέλησαν
1454 1393 1533 1419 σίτων
1547 1404 1575 1419 τε
1589 1394 1629 1419 καὶ
1643 1395 1833 1429 ποτῶν-μήτε
1847 1398 1946 1432 τροφῆς

208 1433 317 1460 δεῖσθαι.
362 1434 521 1459 Anacreon.
537 1440 579 1458 vs.
597 1430 641 1458 16.
658 1440 737 1466 sqq.:

854 1472 932 1505 Σοφὲ,
947 1472 1063 1506 γηγενὴς,
1080 1472 1201 1506 φίλυμνε,

852 1511 972 1545 Ἀπαθής,
988 1511 1168 1548 ἀναιμόσαρκε,

853 1553 948 1586 Σχεδὸν
963 1550 988 1578 εἶ
1000 1553 1066 1580 θεοῖς
1081 1553 1175 1587 ὅμοιος.

208 1618 394 1645 Philostratus
409 1617 427 1644 l.
440 1617 457 1644 l.
474 1627 500 1654 p.
516 1616 586 1652 287:
603 1615 623 1643 ὦ
635 1619 752 1652 μακάριοι
767 1617 806 1643 καὶ
820 1617 932 1652 ἀτεχνῶς
947 1619 1038 1652 σοφοὶ,
1054 1619 1087 1646 ὡς
1101 1618 1219 1653 ἐδίδαξάν
1233 1630 1259 1645 τε
1276 1620 1339 1653 ὑμᾶς
1354 1619 1419 1656 ᾠδὴν
1434 1620 1481 1655 ἰίρα
1497 1622 1757 1656 Μοῦσαι-γαστρός
1771 1633 1798 1649 τε
1814 1623 1943 1658 κρείττους

380 1657 424 1686 Cf.
440 1663 468 1685 et
483 1658 604 1685 Himerii
620 1658 700 1685 Orat.
716 1657 796 1684 XIV.
818 1667 860 1685 11.
883 1667 910 1694 p.
927 1657 996 1686 626.

204 1660 336 1693 ἐποίησαν.
