<?xml version="1.0" encoding="UTF-8"?>
<!DOCTYPE html PUBLIC "-//W3C//DTD XHTML 1.0 Transitional//EN"
    "http://www.w3.org/TR/xhtml1/DTD/xhtml1-transitional.dtd">
<html xmlns="http://www.w3.org/1999/xhtml" xml:lang="en" lang="en">
 <head>
  <title>
</title>
<meta http-equiv="Content-Type" content="text/html;charset=utf-8" />
  <meta name='ocr-system' content='tesseract 3.04.00' />
  <meta name='ocr-capabilities' content='ocr_page ocr_carea ocr_par ocr_line ocrx_word'/>
</head>
<body>
  <div class='ocr_page' id='page_1' title='image "./plotinioperaomni01plotuoft_0113.png"; bbox 0 0 2201 2990; ppageno 0'>
   <div class='ocr_carea' id='block_1_1' title="bbox 594 123 1536 165">
    <p class='ocr_par' dir='ltr' id='par_1_1' title="bbox 594 123 1536 165">
     <span class='ocr_line' id='line_1_1' title="bbox 594 123 1536 165; baseline 0.002 -12"><span class='ocrx_word' id='word_1_1' title='bbox 594 124 749 154; x_wconf 81' lang='lat' dir='ltr'><strong>VITAM</strong></span> <span class='ocrx_word' id='word_1_2' title='bbox 774 123 1001 153; x_wconf 87' lang='lat' dir='ltr'><strong>AUCTORE</strong></span> <span class='ocrx_word' id='word_1_3' title='bbox 1027 123 1318 154; x_wconf 85' lang='lat' dir='ltr'>PORPHYRIO.</span> <span class='ocrx_word' id='word_1_4' title='bbox 1348 135 1369 165; x_wconf 92' lang='lat' dir='ltr'>p</span> <span class='ocrx_word' id='word_1_5' title='bbox 1398 125 1536 155; x_wconf 81' lang='lat' dir='ltr'>lv—lvii.</span> 
     </span>
    </p>
   </div>
   <div class='ocr_carea' id='block_1_2' title="bbox 1867 126 1944 157">
    <p class='ocr_par' dir='ltr' id='par_1_2' title="bbox 1867 126 1944 157">
     <span class='ocr_line' id='line_1_2' title="bbox 1867 126 1944 157; baseline -0.013 0"><span class='ocrx_word' id='word_1_6' title='bbox 1867 126 1944 157; x_wconf 77' lang='lat' dir='ltr'>xcvii</span> 
     </span>
    </p>
   </div>
   <div class='ocr_carea' id='block_1_3' title="bbox 192 207 1941 254">
    <p class='ocr_par' dir='ltr' id='par_1_3' title="bbox 192 207 1941 254">
     <span class='ocr_line' id='line_1_3' title="bbox 192 207 1941 254; baseline 0 -11"><span class='ocrx_word' id='word_1_7' title='bbox 192 214 305 254; x_wconf 77' lang='lat' dir='ltr'>Syrum</span> <span class='ocrx_word' id='word_1_8' title='bbox 320 212 521 252; x_wconf 76' lang='lat' dir='ltr'><strong>Apamensem</strong></span> <span class='ocrx_word' id='word_1_9' title='bbox 535 207 622 238; x_wconf 89' lang='lat' dir='ltr'>nobis</span> <span class='ocrx_word' id='word_1_10' title='bbox 635 207 707 238; x_wconf 82' lang='lat' dir='ltr'>facit</span> <span class='ocrx_word' id='word_1_11' title='bbox 719 219 756 238; x_wconf 83' lang='lat' dir='ltr'>ex</span> <span class='ocrx_word' id='word_1_12' title='bbox 772 207 853 238; x_wconf 89' lang='lat' dir='ltr'>Italo</span> <span class='ocrx_word' id='word_1_13' title='bbox 864 208 1031 244; x_wconf 67' lang='lat' dir='ltr'>Hetrusco,</span> <span class='ocrx_word' id='word_1_14' title='bbox 1051 209 1077 236; x_wconf 89' lang='lat' dir='ltr'>A</span> <span class='ocrx_word' id='word_1_15' title='bbox 1095 207 1210 237; x_wconf 89' lang='lat' dir='ltr'>titionis</span> <span class='ocrx_word' id='word_1_16' title='bbox 1226 219 1298 237; x_wconf 88' lang='lat' dir='ltr'>vero</span> <span class='ocrx_word' id='word_1_17' title='bbox 1321 219 1431 250; x_wconf 79' lang='lat' dir='ltr'>expers</span> <span class='ocrx_word' id='word_1_18' title='bbox 1452 209 1530 238; x_wconf 84' lang='lat' dir='ltr'>ratio</span> <span class='ocrx_word' id='word_1_19' title='bbox 1548 210 1578 247; x_wconf 84' lang='grc' dir='ltr'>(ἡ</span> <span class='ocrx_word' id='word_1_20' title='bbox 1595 210 1713 250; x_wconf 79' lang='grc' dir='ltr'>ἆμερία)</span> <span class='ocrx_word' id='word_1_21' title='bbox 1730 212 1941 253; x_wconf 64' lang='lat' dir='ltr'>constringens</span> 
     </span>
    </p>
   </div>
   <div class='ocr_carea' id='block_1_4' title="bbox 188 258 1033 556">
    <p class='ocr_par' dir='ltr' id='par_1_4' title="bbox 188 258 1033 556">
     <span class='ocr_line' id='line_1_4' title="bbox 190 258 1033 299; baseline -0.007 -5"><span class='ocrx_word' id='word_1_22' title='bbox 190 262 355 294; x_wconf 81' lang='lat' dir='ltr'>Amerino:</span> <span class='ocrx_word' id='word_1_23' title='bbox 381 270 450 290; x_wconf 83' lang='lat' dir='ltr'>nam</span> <span class='ocrx_word' id='word_1_24' title='bbox 467 266 497 290; x_wconf 88' lang='lat' dir='ltr'>et</span> <span class='ocrx_word' id='word_1_25' title='bbox 513 259 570 289; x_wconf 90' lang='lat' dir='ltr'>hoc</span> <span class='ocrx_word' id='word_1_26' title='bbox 585 258 664 288; x_wconf 89' lang='lat' dir='ltr'>clare</span> <span class='ocrx_word' id='word_1_27' title='bbox 684 270 702 288; x_wconf 83' lang='lat' dir='ltr'>a</span> <span class='ocrx_word' id='word_1_28' title='bbox 719 258 895 299; x_wconf 77' lang='lat' dir='ltr'>Porphyrio</span> <span class='ocrx_word' id='word_1_29' title='bbox 912 258 943 287; x_wconf 89' lang='lat' dir='ltr'>in</span> <span class='ocrx_word' id='word_1_30' title='bbox 962 258 1033 288; x_wconf 86' lang='lat' dir='ltr'>Plo-</span> 
     </span>
     <span class='ocr_line' id='line_1_5' title="bbox 190 308 1033 352; baseline -0.005 -8"><span class='ocrx_word' id='word_1_31' title='bbox 190 313 244 344; x_wconf 83' lang='lat' dir='ltr'>tini</span> <span class='ocrx_word' id='word_1_32' title='bbox 261 312 328 343; x_wconf 86' lang='lat' dir='ltr'>Vita</span> <span class='ocrx_word' id='word_1_33' title='bbox 343 309 563 352; x_wconf 87' lang='lat' dir='ltr'>perscriptum:</span> <span class='ocrx_word' id='word_1_34' title='bbox 589 308 674 340; x_wconf 85' lang='grc' dir='ltr'>αὐτὸς</span> <span class='ocrx_word' id='word_1_35' title='bbox 689 309 720 339; x_wconf 81' lang='grc' dir='ltr'>δὲ</span> <span class='ocrx_word' id='word_1_36' title='bbox 737 310 783 339; x_wconf 78' lang='grc' dir='ltr'>διὰ</span> <span class='ocrx_word' id='word_1_37' title='bbox 798 311 849 339; x_wconf 89' lang='grc' dir='ltr'>τοῦ</span> <span class='ocrx_word' id='word_1_38' title='bbox 863 310 882 348; x_wconf 73' lang='grc' dir='ltr'>β</span> <span class='ocrx_word' id='word_1_39' title='bbox 894 308 1033 348; x_wconf 85' lang='grc' dir='ltr'>Ἀμέριον</span> 
     </span>
     <span class='ocr_line' id='line_1_6' title="bbox 190 359 1033 401; baseline -0.004 -7"><span class='ocrx_word' id='word_1_40' title='bbox 190 363 278 394; x_wconf 83' lang='grc' dir='ltr'>αὑτὸν</span> <span class='ocrx_word' id='word_1_41' title='bbox 298 364 398 392; x_wconf 85' lang='grc' dir='ltr'>καλεῖν</span> <span class='ocrx_word' id='word_1_42' title='bbox 417 361 506 398; x_wconf 80' lang='grc' dir='ltr'>ἠξίου,</span> <span class='ocrx_word' id='word_1_43' title='bbox 524 359 580 390; x_wconf 84' lang='grc' dir='ltr'>ἀπὸ</span> <span class='ocrx_word' id='word_1_44' title='bbox 603 361 652 397; x_wconf 86' lang='grc' dir='ltr'>τῆς</span> <span class='ocrx_word' id='word_1_45' title='bbox 666 359 835 399; x_wconf 84' lang='grc' dir='ltr'>Ἀμερίαςῆ</span> <span class='ocrx_word' id='word_1_46' title='bbox 858 361 948 401; x_wconf 91' lang='lat' dir='ltr'>(puto</span> <span class='ocrx_word' id='word_1_47' title='bbox 970 371 1033 391; x_wconf 89' lang='lat' dir='ltr'>rec-</span> 
     </span>
     <span class='ocr_line' id='line_1_7' title="bbox 190 410 1029 452; baseline -0.004 -7"><span class='ocrx_word' id='word_1_48' title='bbox 190 414 249 445; x_wconf 87' lang='lat' dir='ltr'>tius</span> <span class='ocrx_word' id='word_1_49' title='bbox 270 413 317 452; x_wconf 80' lang='grc' dir='ltr'>οὐ)</span> <span class='ocrx_word' id='word_1_50' title='bbox 339 414 387 450; x_wconf 84' lang='grc' dir='ltr'>τῆς</span> <span class='ocrx_word' id='word_1_51' title='bbox 408 411 548 450; x_wconf 78' lang='grc' dir='ltr'>ἀμελείας</span> <span class='ocrx_word' id='word_1_52' title='bbox 569 410 691 450; x_wconf 81' lang='grc' dir='ltr'>πρέπειν</span> <span class='ocrx_word' id='word_1_53' title='bbox 707 411 782 452; x_wconf 75' lang='grc' dir='ltr'>αὐτῷ</span> <span class='ocrx_word' id='word_1_54' title='bbox 805 413 959 442; x_wconf 85' lang='grc' dir='ltr'>καλεῖσθαι</span> <span class='ocrx_word' id='word_1_55' title='bbox 980 411 1029 442; x_wconf 88' lang='grc' dir='ltr'>λέ-</span> 
     </span>
     <span class='ocr_line' id='line_1_8' title="bbox 188 461 1032 505; baseline -0.002 -10"><span class='ocrx_word' id='word_1_56' title='bbox 188 470 342 505; x_wconf 73' lang='grc' dir='ltr'>γωνε-ιιῑ</span> <span class='ocrx_word' id='word_1_57' title='bbox 364 462 429 504; x_wconf 90' lang='lat' dir='ltr'>ipse</span> <span class='ocrx_word' id='word_1_58' title='bbox 451 462 600 492; x_wconf 87' lang='lat' dir='ltr'>Amerius</span> <span class='ocrx_word' id='word_1_59' title='bbox 622 473 677 503; x_wconf 88' lang='lat' dir='ltr'>per</span> <span class='ocrx_word' id='word_1_60' title='bbox 700 461 818 492; x_wconf 84' lang='lat' dir='ltr'>literam</span> <span class='ocrx_word' id='word_1_61' title='bbox 842 473 860 491; x_wconf 79' lang='lat'>7·</span> <span class='ocrx_word' id='word_1_62' title='bbox 882 462 1032 493; x_wconf 88' lang='lat' dir='ltr'>nominari</span> 
     </span>
     <span class='ocr_line' id='line_1_9' title="bbox 190 513 1032 556; baseline -0.004 -10"><span class='ocrx_word' id='word_1_63' title='bbox 190 514 320 551; x_wconf 84' lang='lat' dir='ltr'>volebat,</span> <span class='ocrx_word' id='word_1_64' title='bbox 347 513 432 555; x_wconf 89' lang='lat' dir='ltr'>quod</span> <span class='ocrx_word' id='word_1_65' title='bbox 460 513 516 543; x_wconf 84' lang='lat' dir='ltr'>sibi</span> <span class='ocrx_word' id='word_1_66' title='bbox 547 524 658 543; x_wconf 85' lang='lat' dir='ltr'>nomen</span> <span class='ocrx_word' id='word_1_67' title='bbox 689 513 728 543; x_wconf 88' lang='lat' dir='ltr'>ab</span> <span class='ocrx_word' id='word_1_68' title='bbox 758 513 888 544; x_wconf 73' lang='lat' dir='ltr'>Ameria</span> <span class='ocrx_word' id='word_1_69' title='bbox 918 514 1032 556; x_wconf 87' lang='lat' dir='ltr'>potius,</span> 
     </span>
    </p>
   </div>
   <div class='ocr_carea' id='block_1_5' title="bbox 1093 257 1939 402">
    <p class='ocr_par' dir='ltr' id='par_1_5' title="bbox 1093 257 1939 402">
     <span class='ocr_line' id='line_1_10' title="bbox 1094 257 1939 300; baseline 0.008 -13"><span class='ocrx_word' id='word_1_70' title='bbox 1094 266 1125 288; x_wconf 88' lang='lat' dir='ltr'>et</span> <span class='ocrx_word' id='word_1_71' title='bbox 1150 257 1297 299; x_wconf 82' lang='lat' dir='ltr'>colligans</span> <span class='ocrx_word' id='word_1_72' title='bbox 1323 270 1389 288; x_wconf 90' lang='lat' dir='ltr'>eam</span> <span class='ocrx_word' id='word_1_73' title='bbox 1419 270 1578 300; x_wconf 90' lang='lat' dir='ltr'>nunquam</span> <span class='ocrx_word' id='word_1_74' title='bbox 1607 260 1796 292; x_wconf 75' lang='lat' dir='ltr'>deficientem</span> <span class='ocrx_word' id='word_1_75' title='bbox 1823 271 1852 293; x_wconf 83' lang='lat' dir='ltr'>et</span> <span class='ocrx_word' id='word_1_76' title='bbox 1880 275 1939 294; x_wconf 88' lang='lat' dir='ltr'>non</span> 
     </span>
     <span class='ocr_line' id='line_1_11' title="bbox 1093 309 1564 340; baseline 0.004 -2"><span class='ocrx_word' id='word_1_77' title='bbox 1093 309 1288 339; x_wconf 83' lang='lat' dir='ltr'>imminutam</span> <span class='ocrx_word' id='word_1_78' title='bbox 1305 309 1334 339; x_wconf 92' lang='lat' dir='ltr'>in</span> <span class='ocrx_word' id='word_1_79' title='bbox 1352 321 1383 339; x_wconf 91' lang='lat' dir='ltr'>se</span> <span class='ocrx_word' id='word_1_80' title='bbox 1398 309 1564 340; x_wconf 68' lang='lat' dir='ltr'>contiiiet.”</span> 
     </span>
     <span class='ocr_line' id='line_1_12' title="bbox 1094 360 1938 402; baseline 0.006 -12"><span class='ocrx_word' id='word_1_81' title='bbox 1094 360 1300 401; x_wconf 68' lang='lat' dir='ltr'>significatum</span> <span class='ocrx_word' id='word_1_82' title='bbox 1317 360 1450 398; x_wconf 82' lang='lat' dir='ltr'>volebat,</span> <span class='ocrx_word' id='word_1_83' title='bbox 1468 372 1499 391; x_wconf 90' lang='lat' dir='ltr'>se</span> <span class='ocrx_word' id='word_1_84' title='bbox 1515 360 1677 402; x_wconf 81' lang='lat' dir='ltr'>impatibili</span> <span class='ocrx_word' id='word_1_85' title='bbox 1698 370 1818 393; x_wconf 74' lang='lat' dir='ltr'>naturae</span> <span class='ocrx_word' id='word_1_86' title='bbox 1840 366 1938 395; x_wconf 82' lang='lat' dir='ltr'>unita-</span> 
     </span>
    </p>
   </div>
   <div class='ocr_carea' id='block_1_6' title="bbox 1609 311 1940 353">
    <p class='ocr_par' dir='ltr' id='par_1_6' title="bbox 1609 311 1940 353">
     <span class='ocr_line' id='line_1_13' title="bbox 1609 311 1940 353; baseline 0.018 -14"><span class='ocrx_word' id='word_1_87' title='bbox 1609 311 1752 341; x_wconf 76' lang='lat' dir='ltr'>Amelius</span> <span class='ocrx_word' id='word_1_88' title='bbox 1772 312 1867 353; x_wconf 77' lang='lat' dir='ltr'>igitur</span> <span class='ocrx_word' id='word_1_89' title='bbox 1884 315 1940 345; x_wconf 83' lang='lat' dir='ltr'>hoc</span> 
     </span>
    </p>
   </div>
   <div class='ocr_carea' id='block_1_7' title="bbox 1093 410 1940 557">
    <p class='ocr_par' dir='ltr' id='par_1_7' title="bbox 1093 410 1940 557">
     <span class='ocr_line' id='line_1_14' title="bbox 1094 410 1940 457; baseline 0.006 -16"><span class='ocrx_word' id='word_1_90' title='bbox 1094 410 1180 453; x_wconf 88' lang='lat' dir='ltr'>tique</span> <span class='ocrx_word' id='word_1_91' title='bbox 1207 411 1366 442; x_wconf 86' lang='lat' dir='ltr'>addictum</span> <span class='ocrx_word' id='word_1_92' title='bbox 1391 419 1421 442; x_wconf 91' lang='lat' dir='ltr'>et</span> <span class='ocrx_word' id='word_1_93' title='bbox 1448 423 1466 442; x_wconf 85' lang='lat' dir='ltr'>a</span> <span class='ocrx_word' id='word_1_94' title='bbox 1490 411 1647 442; x_wconf 74' lang='lat' dir='ltr'>divisionis</span> <span class='ocrx_word' id='word_1_95' title='bbox 1671 412 1940 457; x_wconf 74' lang='lat' dir='ltr'>multitiulinisque</span> 
     </span>
     <span class='ocr_line' id='line_1_15' title="bbox 1093 462 1939 505; baseline 0.001 -12"><span class='ocrx_word' id='word_1_96' title='bbox 1093 462 1240 493; x_wconf 82' lang='lat' dir='ltr'>varietate</span> <span class='ocrx_word' id='word_1_97' title='bbox 1255 462 1522 505; x_wconf 74' lang='lat' dir='ltr'>inconstantiaque</span> <span class='ocrx_word' id='word_1_98' title='bbox 1538 462 1668 493; x_wconf 89' lang='lat' dir='ltr'>liberum</span> <span class='ocrx_word' id='word_1_99' title='bbox 1685 474 1749 493; x_wconf 87' lang='lat' dir='ltr'>esse</span> <span class='ocrx_word' id='word_1_100' title='bbox 1765 464 1850 494; x_wconf 87' lang='lat' dir='ltr'>velle.</span> <span class='ocrx_word' id='word_1_101' title='bbox 1883 468 1939 497; x_wconf 76' lang='lat' dir='ltr'>Ce-</span> 
     </span>
     <span class='ocr_line' id='line_1_16' title="bbox 1093 513 1940 557; baseline 0.005 -14"><span class='ocrx_word' id='word_1_102' title='bbox 1093 520 1194 544; x_wconf 86' lang='lat' dir='ltr'>terum</span> <span class='ocrx_word' id='word_1_103' title='bbox 1209 513 1349 553; x_wconf 84' lang='grc' dir='ltr'>Ἀμερίας</span> <span class='ocrx_word' id='word_1_104' title='bbox 1363 513 1394 544; x_wconf 87' lang='lat' dir='ltr'>in</span> <span class='ocrx_word' id='word_1_105' title='bbox 1410 514 1604 544; x_wconf 87' lang='lat' dir='ltr'>eruditorum</span> <span class='ocrx_word' id='word_1_106' title='bbox 1629 514 1805 545; x_wconf 86' lang='lat' dir='ltr'>nominibus</span> <span class='ocrx_word' id='word_1_107' title='bbox 1829 517 1940 557; x_wconf 71' lang='lat' dir='ltr'>sapius</span> 
     </span>
    </p>
   </div>
   <div class='ocr_carea' id='block_1_8' title="bbox 186 564 1939 608">
    <p class='ocr_par' dir='ltr' id='par_1_8' title="bbox 186 564 1939 608">
     <span class='ocr_line' id='line_1_17' title="bbox 186 564 1939 608; baseline 0.002 -13"><span class='ocrx_word' id='word_1_108' title='bbox 186 576 279 608; x_wconf 81' lang='lat' dir='ltr'>quam</span> <span class='ocrx_word' id='word_1_109' title='bbox 301 565 339 595; x_wconf 82' lang='lat' dir='ltr'>ab</span> <span class='ocrx_word' id='word_1_110' title='bbox 361 564 475 594; x_wconf 75' lang='lat' dir='ltr'>amelia</span> <span class='ocrx_word' id='word_1_111' title='bbox 497 564 563 594; x_wconf 74' lang='lat' dir='ltr'>sive</span> <span class='ocrx_word' id='word_1_112' title='bbox 586 564 784 606; x_wconf 52' lang='lat' dir='ltr'>negligentia</span> <span class='ocrx_word' id='word_1_113' title='bbox 808 565 944 596; x_wconf 78' lang='lat' dir='ltr'>inditum</span> <span class='ocrx_word' id='word_1_114' title='bbox 969 577 1032 597; x_wconf 78' lang='lat' dir='ltr'>esse</span> <span class='ocrx_word' id='word_1_115' title='bbox 1052 576 1076 603; x_wconf 85' lang='grc' dir='ltr'><strong>Β</strong></span> <span class='ocrx_word' id='word_1_116' title='bbox 1093 565 1226 595; x_wconf 90' lang='lat' dir='ltr'>occurrit</span> <span class='ocrx_word' id='word_1_117' title='bbox 1256 577 1285 595; x_wconf 91' lang='lat' dir='ltr'>v.</span> <span class='ocrx_word' id='word_1_118' title='bbox 1301 577 1328 596; x_wconf 90' lang='lat' dir='ltr'>c.</span> <span class='ocrx_word' id='word_1_119' title='bbox 1359 577 1408 607; x_wconf 86' lang='lat' dir='ltr'>ap.</span> <span class='ocrx_word' id='word_1_120' title='bbox 1436 565 1627 596; x_wconf 80' lang='lat' dir='ltr'>Athenaeum</span> <span class='ocrx_word' id='word_1_121' title='bbox 1657 566 1734 596; x_wconf 83' lang='lat' dir='ltr'>XV.</span> <span class='ocrx_word' id='word_1_122' title='bbox 1761 577 1793 607; x_wconf 90' lang='lat' dir='ltr'>p.</span> <span class='ocrx_word' id='word_1_123' title='bbox 1810 567 1882 597; x_wconf 82' lang='lat'>681.</span> <span class='ocrx_word' id='word_1_124' title='bbox 1902 568 1939 598; x_wconf 84' lang='lat' dir='ltr'>F.</span> 
     </span>
    </p>
   </div>
   <div class='ocr_carea' id='block_1_9' title="bbox 185 615 1034 1276">
    <p class='ocr_par' dir='ltr' id='par_1_9' title="bbox 185 615 1034 1276">
     <span class='ocr_line' id='line_1_18' title="bbox 185 615 1032 649; baseline 0.001 -2"><span class='ocrx_word' id='word_1_125' title='bbox 185 616 326 647; x_wconf 73' lang='lat' dir='ltr'>diceret.&#39;&#39;</span> <span class='ocrx_word' id='word_1_126' title='bbox 365 615 425 646; x_wconf 85' lang='lat' dir='ltr'>Sed</span> <span class='ocrx_word' id='word_1_127' title='bbox 441 616 570 646; x_wconf 79' lang='lat' dir='ltr'>Ameria</span> <span class='ocrx_word' id='word_1_128' title='bbox 586 626 646 645; x_wconf 91' lang='lat' dir='ltr'>non</span> <span class='ocrx_word' id='word_1_129' title='bbox 664 615 803 646; x_wconf 78' lang='lat' dir='ltr'>Etruriae</span> <span class='ocrx_word' id='word_1_130' title='bbox 820 616 873 647; x_wconf 88' lang='lat' dir='ltr'>sed</span> <span class='ocrx_word' id='word_1_131' title='bbox 891 618 1032 649; x_wconf 76' lang='lat' dir='ltr'>Umbriae</span> 
     </span>
     <span class='ocr_line' id='line_1_19' title="bbox 185 666 1033 710; baseline 0.002 -12"><span class='ocrx_word' id='word_1_132' title='bbox 185 667 336 710; x_wconf 88' lang='lat' dir='ltr'>oppidum</span> <span class='ocrx_word' id='word_1_133' title='bbox 363 666 433 697; x_wconf 87' lang='lat' dir='ltr'>fuit.</span> <span class='ocrx_word' id='word_1_134' title='bbox 480 667 592 697; x_wconf 83' lang='lat' dir='ltr'><strong>Festus</strong></span> <span class='ocrx_word' id='word_1_135' title='bbox 618 679 647 708; x_wconf 90' lang='lat' dir='ltr'>p.</span> <span class='ocrx_word' id='word_1_136' title='bbox 670 675 721 708; x_wconf 83' lang='lat'>25.</span> <span class='ocrx_word' id='word_1_137' title='bbox 743 668 838 698; x_wconf 85' lang='lat' dir='ltr'>Dae.:</span> <span class='ocrx_word' id='word_1_138' title='bbox 869 669 1033 700; x_wconf 83' lang='lat' dir='ltr'>“Ameria</span> 
     </span>
     <span class='ocr_line' id='line_1_20' title="bbox 186 717 1032 760; baseline 0.001 -10"><span class='ocrx_word' id='word_1_139' title='bbox 186 719 260 750; x_wconf 88' lang='lat' dir='ltr'>urbs</span> <span class='ocrx_word' id='word_1_140' title='bbox 276 718 305 749; x_wconf 89' lang='lat' dir='ltr'>in</span> <span class='ocrx_word' id='word_1_141' title='bbox 323 717 458 749; x_wconf 82' lang='lat' dir='ltr'>Umbria</span> <span class='ocrx_word' id='word_1_142' title='bbox 471 717 511 748; x_wconf 88' lang='lat' dir='ltr'>ab</span> <span class='ocrx_word' id='word_1_143' title='bbox 528 717 640 748; x_wconf 88' lang='lat' dir='ltr'>Amiro</span> <span class='ocrx_word' id='word_1_144' title='bbox 655 717 696 748; x_wconf 90' lang='lat' dir='ltr'>sic</span> <span class='ocrx_word' id='word_1_145' title='bbox 712 718 894 760; x_wconf 54' lang='lat' dir='ltr'>appellatas*</span> <span class='ocrx_word' id='word_1_146' title='bbox 942 720 1032 751; x_wconf 88' lang='lat' dir='ltr'>Unde</span> 
     </span>
     <span class='ocr_line' id='line_1_21' title="bbox 187 769 1030 812; baseline 0.002 -12"><span class='ocrx_word' id='word_1_147' title='bbox 187 782 224 801; x_wconf 84' lang='lat' dir='ltr'>ex</span> <span class='ocrx_word' id='word_1_148' title='bbox 241 769 352 800; x_wconf 88' lang='lat' dir='ltr'>Amiro</span> <span class='ocrx_word' id='word_1_149' title='bbox 375 776 405 800; x_wconf 88' lang='lat' dir='ltr'>et</span> <span class='ocrx_word' id='word_1_150' title='bbox 427 769 491 811; x_wconf 90' lang='lat' dir='ltr'>ipse</span> <span class='ocrx_word' id='word_1_151' title='bbox 514 770 676 800; x_wconf 70' lang='lat' dir='ltr'>Ameriam</span> <span class='ocrx_word' id='word_1_152' title='bbox 701 770 802 809; x_wconf 91' lang='lat' dir='ltr'>(urbis</span> <span class='ocrx_word' id='word_1_153' title='bbox 824 770 1030 812; x_wconf 89' lang='lat' dir='ltr'>conditorem)</span> 
     </span>
     <span class='ocr_line' id='line_1_22' title="bbox 186 820 1033 858; baseline 0.002 -6"><span class='ocrx_word' id='word_1_154' title='bbox 186 821 258 852; x_wconf 90' lang='lat' dir='ltr'>fecit</span> <span class='ocrx_word' id='word_1_155' title='bbox 281 820 453 858; x_wconf 80' lang='lat' dir='ltr'>Berkehus,</span> <span class='ocrx_word' id='word_1_156' title='bbox 475 828 600 851; x_wconf 88' lang='lat' dir='ltr'>notatus</span> <span class='ocrx_word' id='word_1_157' title='bbox 623 820 680 851; x_wconf 91' lang='lat' dir='ltr'>hoc</span> <span class='ocrx_word' id='word_1_158' title='bbox 704 821 827 852; x_wconf 89' lang='lat' dir='ltr'>nomine</span> <span class='ocrx_word' id='word_1_159' title='bbox 849 822 888 852; x_wconf 82' lang='lat' dir='ltr'>ab</span> <span class='ocrx_word' id='word_1_160' title='bbox 906 823 1033 854; x_wconf 89' lang='lat' dir='ltr'>Oudino</span> 
     </span>
     <span class='ocr_line' id='line_1_23' title="bbox 186 871 1031 917; baseline 0.002 -14"><span class='ocrx_word' id='word_1_161' title='bbox 186 873 217 904; x_wconf 90' lang='lat' dir='ltr'>in</span> <span class='ocrx_word' id='word_1_162' title='bbox 234 873 409 904; x_wconf 85' lang='lat' dir='ltr'>Observatt.</span> <span class='ocrx_word' id='word_1_163' title='bbox 428 871 624 903; x_wconf 87' lang='lat' dir='ltr'>Miscellann.</span> <span class='ocrx_word' id='word_1_164' title='bbox 642 872 739 903; x_wconf 90' lang='lat' dir='ltr'>Novis</span> <span class='ocrx_word' id='word_1_165' title='bbox 756 873 842 903; x_wconf 86' lang='lat' dir='ltr'>XII.</span> <span class='ocrx_word' id='word_1_166' title='bbox 860 885 891 916; x_wconf 92' lang='lat' dir='ltr'>p.</span> <span class='ocrx_word' id='word_1_167' title='bbox 903 876 975 913; x_wconf 81' lang='lat'>466.</span> <span class='ocrx_word' id='word_1_168' title='bbox 987 887 1031 917; x_wconf 89' lang='lat' dir='ltr'>sq.</span> 
     </span>
     <span class='ocr_line' id='line_1_24' title="bbox 186 923 920 967; baseline 0 -12"><span class='ocrx_word' id='word_1_169' title='bbox 186 935 277 967; x_wconf 91' lang='lat' dir='ltr'>quem</span> <span class='ocrx_word' id='word_1_170' title='bbox 294 924 333 955; x_wconf 93' lang='lat' dir='ltr'>de</span> <span class='ocrx_word' id='word_1_171' title='bbox 347 935 420 954; x_wconf 91' lang='lat' dir='ltr'>vero</span> <span class='ocrx_word' id='word_1_172' title='bbox 436 924 529 965; x_wconf 84' lang='lat' dir='ltr'>hujus</span> <span class='ocrx_word' id='word_1_173' title='bbox 551 923 635 954; x_wconf 84' lang='lat' dir='ltr'>urbis</span> <span class='ocrx_word' id='word_1_174' title='bbox 657 931 763 966; x_wconf 78' lang='lat' dir='ltr'>etymo</span> <span class='ocrx_word' id='word_1_175' title='bbox 784 925 920 955; x_wconf 89' lang='lat' dir='ltr'>consule.</span> 
     </span>
     <span class='ocr_line' id='line_1_25' title="bbox 186 974 1032 1018; baseline 0.001 -11"><span class='ocrx_word' id='word_1_176' title='bbox 186 976 256 1007; x_wconf 93' lang='lat' dir='ltr'>inde</span> <span class='ocrx_word' id='word_1_177' title='bbox 278 976 463 1018; x_wconf 76' lang='lat' dir='ltr'>conjecturae</span> <span class='ocrx_word' id='word_1_178' title='bbox 478 976 512 1006; x_wconf 80' lang='grc' dir='ltr'>οὐ</span> <span class='ocrx_word' id='word_1_179' title='bbox 528 974 613 1017; x_wconf 78' lang='lat' dir='ltr'>proi)</span> <span class='ocrx_word' id='word_1_180' title='bbox 630 976 819 1017; x_wconf 76' lang='lat' dir='ltr'>suffragatur</span> <span class='ocrx_word' id='word_1_181' title='bbox 842 976 946 1008; x_wconf 90' lang='lat' dir='ltr'>nullus</span> <span class='ocrx_word' id='word_1_182' title='bbox 970 978 1032 1008; x_wconf 90' lang='lat' dir='ltr'>Co-</span> 
     </span>
     <span class='ocr_line' id='line_1_26' title="bbox 186 1026 1034 1069; baseline 0.002 -11"><span class='ocrx_word' id='word_1_183' title='bbox 186 1027 257 1065; x_wconf 83' lang='lat' dir='ltr'>dex,</span> <span class='ocrx_word' id='word_1_184' title='bbox 281 1038 336 1058; x_wconf 90' lang='lat' dir='ltr'>nec</span> <span class='ocrx_word' id='word_1_185' title='bbox 359 1038 479 1058; x_wconf 85' lang='lat' dir='ltr'>neeesse</span> <span class='ocrx_word' id='word_1_186' title='bbox 502 1026 544 1057; x_wconf 90' lang='lat' dir='ltr'>sic</span> <span class='ocrx_word' id='word_1_187' title='bbox 567 1026 639 1068; x_wconf 83' lang='lat' dir='ltr'>legi,</span> <span class='ocrx_word' id='word_1_188' title='bbox 661 1027 754 1057; x_wconf 91' lang='lat' dir='ltr'>modo</span> <span class='ocrx_word' id='word_1_189' title='bbox 778 1027 893 1069; x_wconf 71' lang='lat' dir='ltr'>cogites</span> <span class='ocrx_word' id='word_1_190' title='bbox 916 1031 1034 1067; x_wconf 79' lang='grc' dir='ltr'>μᾶλλον</span> 
     </span>
     <span class='ocr_line' id='line_1_27' title="bbox 185 1078 1032 1121; baseline 0.002 -12"><span class='ocrx_word' id='word_1_191' title='bbox 185 1078 367 1121; x_wconf 80' lang='lat' dir='ltr'>saepiuscule</span> <span class='ocrx_word' id='word_1_192' title='bbox 393 1078 539 1109; x_wconf 83' lang='lat' dir='ltr'>omissum</span> <span class='ocrx_word' id='word_1_193' title='bbox 566 1078 596 1108; x_wconf 93' lang='lat' dir='ltr'>in</span> <span class='ocrx_word' id='word_1_194' title='bbox 624 1078 773 1109; x_wconf 83' lang='lat' dir='ltr'>similibus</span> <span class='ocrx_word' id='word_1_195' title='bbox 802 1079 930 1119; x_wconf 87' lang='lat' dir='ltr'>(Lamb.</span> <span class='ocrx_word' id='word_1_196' title='bbox 959 1081 1032 1111; x_wconf 89' lang='lat' dir='ltr'>Bos.</span> 
     </span>
     <span class='ocr_line' id='line_1_28' title="bbox 187 1130 1034 1173; baseline 0 -12"><span class='ocrx_word' id='word_1_197' title='bbox 187 1130 312 1173; x_wconf 89' lang='lat' dir='ltr'>Ellipss.</span> <span class='ocrx_word' id='word_1_198' title='bbox 330 1143 361 1172; x_wconf 89' lang='lat' dir='ltr'>p.</span> <span class='ocrx_word' id='word_1_199' title='bbox 376 1139 447 1170; x_wconf 87' lang='lat'>771.</span> <span class='ocrx_word' id='word_1_200' title='bbox 466 1130 594 1170; x_wconf 77' lang='lat' dir='ltr'>Schaef.)</span> <span class='ocrx_word' id='word_1_201' title='bbox 640 1130 806 1160; x_wconf 79' lang='lat' dir='ltr'>Amerium</span> <span class='ocrx_word' id='word_1_202' title='bbox 828 1138 931 1161; x_wconf 89' lang='lat' dir='ltr'>autem</span> <span class='ocrx_word' id='word_1_203' title='bbox 950 1131 1034 1162; x_wconf 89' lang='lat' dir='ltr'>hunc</span> 
     </span>
     <span class='ocr_line' id='line_1_29' title="bbox 187 1181 1033 1224; baseline -0.001 -11"><span class='ocrx_word' id='word_1_204' title='bbox 187 1182 398 1214; x_wconf 85' lang='lat' dir='ltr'>Gentilianum</span> <span class='ocrx_word' id='word_1_205' title='bbox 423 1182 536 1212; x_wconf 82' lang='lat' dir='ltr'>diserte</span> <span class='ocrx_word' id='word_1_206' title='bbox 558 1181 694 1224; x_wconf 85' lang='lat' dir='ltr'>appellat</span> <span class='ocrx_word' id='word_1_207' title='bbox 709 1181 874 1223; x_wconf 82' lang='lat' dir='ltr'>Eunapius</span> <span class='ocrx_word' id='word_1_208' title='bbox 897 1181 927 1212; x_wconf 93' lang='lat' dir='ltr'>in</span> <span class='ocrx_word' id='word_1_209' title='bbox 954 1183 1033 1213; x_wconf 90' lang='lat' dir='ltr'>Por-</span> 
     </span>
     <span class='ocr_line' id='line_1_30' title="bbox 186 1233 1033 1276; baseline -0.001 -12"><span class='ocrx_word' id='word_1_210' title='bbox 186 1233 299 1276; x_wconf 82' lang='lat' dir='ltr'>phyrio</span> <span class='ocrx_word' id='word_1_211' title='bbox 314 1245 345 1275; x_wconf 90' lang='lat' dir='ltr'>p.</span> <span class='ocrx_word' id='word_1_212' title='bbox 362 1244 409 1264; x_wconf 92' lang='lat'>10.</span> <span class='ocrx_word' id='word_1_213' title='bbox 426 1233 474 1263; x_wconf 86' lang='lat' dir='ltr'>ed.</span> <span class='ocrx_word' id='word_1_214' title='bbox 490 1233 630 1264; x_wconf 89' lang='lat' dir='ltr'>Boisson.</span> <span class='ocrx_word' id='word_1_215' title='bbox 649 1233 730 1263; x_wconf 90' lang='lat' dir='ltr'>hunc</span> <span class='ocrx_word' id='word_1_216' title='bbox 748 1233 915 1275; x_wconf 85' lang='lat' dir='ltr'>Porphyrii</span> <span class='ocrx_word' id='word_1_217' title='bbox 932 1233 1033 1263; x_wconf 87' lang='lat' dir='ltr'>locum</span> 
     </span>
    </p>
   </div>
   <div class='ocr_carea' id='block_1_10' title="bbox 966 926 1074 959">
    <p class='ocr_par' dir='ltr' id='par_1_10' title="bbox 966 926 1074 959">
     <span class='ocr_line' id='line_1_31' title="bbox 966 926 1074 959; baseline 0 -3"><span class='ocrx_word' id='word_1_218' title='bbox 966 926 1031 956; x_wconf 88' lang='lat' dir='ltr'>De·</span> <span class='ocrx_word' id='word_1_219' title='bbox 1051 932 1074 959; x_wconf 90' lang='lat' dir='ltr'>C</span> 
     </span>
    </p>
   </div>
   <div class='ocr_carea' id='block_1_11' title="bbox 1093 616 1943 1275">
    <p class='ocr_par' dir='ltr' id='par_1_11' title="bbox 1093 616 1939 762">
     <span class='ocr_line' id='line_1_32' title="bbox 1093 616 1939 659; baseline 0.004 -13"><span class='ocrx_word' id='word_1_220' title='bbox 1093 628 1124 658; x_wconf 91' lang='lat' dir='ltr'>p.</span> <span class='ocrx_word' id='word_1_221' title='bbox 1141 618 1213 657; x_wconf 83' lang='lat'>485.</span> <span class='ocrx_word' id='word_1_222' title='bbox 1233 616 1404 659; x_wconf 85' lang='lat' dir='ltr'>Schweigh.</span> <span class='ocrx_word' id='word_1_223' title='bbox 1421 616 1557 658; x_wconf 83' lang='lat' dir='ltr'>itemque</span> <span class='ocrx_word' id='word_1_224' title='bbox 1573 616 1604 647; x_wconf 92' lang='lat' dir='ltr'>in</span> <span class='ocrx_word' id='word_1_225' title='bbox 1623 616 1751 647; x_wconf 86' lang='lat' dir='ltr'>Scholiis</span> <span class='ocrx_word' id='word_1_226' title='bbox 1768 617 1939 649; x_wconf 82' lang='lat' dir='ltr'>Theocriti.</span> 
     </span>
     <span class='ocr_line' id='line_1_33' title="bbox 1093 667 1939 699; baseline 0.001 -1"><span class='ocrx_word' id='word_1_227' title='bbox 1093 667 1163 698; x_wconf 87' lang='lat' dir='ltr'>Vid.</span> <span class='ocrx_word' id='word_1_228' title='bbox 1183 669 1326 699; x_wconf 84' lang='lat' dir='ltr'>VVarton.</span> <span class='ocrx_word' id='word_1_229' title='bbox 1350 668 1381 699; x_wconf 91' lang='lat' dir='ltr'>in</span> <span class='ocrx_word' id='word_1_230' title='bbox 1406 668 1527 699; x_wconf 84' lang='lat' dir='ltr'>Notitia</span> <span class='ocrx_word' id='word_1_231' title='bbox 1549 668 1579 699; x_wconf 91' lang='lat' dir='ltr'>in</span> <span class='ocrx_word' id='word_1_232' title='bbox 1605 669 1706 699; x_wconf 72' lang='lat' dir='ltr'>Poett.</span> <span class='ocrx_word' id='word_1_233' title='bbox 1724 668 1799 699; x_wconf 89' lang='lat' dir='ltr'>Grr.</span> <span class='ocrx_word' id='word_1_234' title='bbox 1815 669 1939 699; x_wconf 89' lang='lat' dir='ltr'>minorr.</span> 
     </span>
     <span class='ocr_line' id='line_1_34' title="bbox 1093 719 1643 762; baseline 0 -12"><span class='ocrx_word' id='word_1_235' title='bbox 1093 719 1162 751; x_wconf 92' lang='lat' dir='ltr'>Vol.</span> <span class='ocrx_word' id='word_1_236' title='bbox 1177 720 1235 750; x_wconf 89' lang='lat' dir='ltr'>IV.</span> <span class='ocrx_word' id='word_1_237' title='bbox 1251 731 1283 762; x_wconf 88' lang='lat' dir='ltr'>p.</span> <span class='ocrx_word' id='word_1_238' title='bbox 1295 730 1325 761; x_wconf 88' lang='lat'>3.</span> <span class='ocrx_word' id='word_1_239' title='bbox 1342 719 1392 750; x_wconf 90' lang='lat' dir='ltr'>ed.</span> <span class='ocrx_word' id='word_1_240' title='bbox 1407 719 1566 751; x_wconf 84' lang='lat' dir='ltr'>Gaisford.</span> <span class='ocrx_word' id='word_1_241' title='bbox 1592 721 1643 750; x_wconf 82' lang='lat' dir='ltr'>Cr.</span> 
     </span>
    </p>

    <p class='ocr_par' dir='ltr' id='par_1_12' title="bbox 1093 770 1943 1275">
     <span class='ocr_line' id='line_1_35' title="bbox 1136 770 1939 813; baseline 0 -12"><span class='ocrx_word' id='word_1_242' title='bbox 1136 782 1165 812; x_wconf 84' lang='lat' dir='ltr'>p.</span> <span class='ocrx_word' id='word_1_243' title='bbox 1183 770 1244 801; x_wconf 82' lang='lat' dir='ltr'>lvii.</span> <span class='ocrx_word' id='word_1_244' title='bbox 1261 770 1285 801; x_wconf 80' lang='lat' dir='ltr'>d.</span> <span class='ocrx_word' id='word_1_245' title='bbox 1311 772 1540 810; x_wconf 80' lang='grc' dir='ltr'>Σκυθοπολίτην,</span> <span class='ocrx_word' id='word_1_246' title='bbox 1567 771 1736 813; x_wconf 86' lang='grc' dir='ltr'>Παυλῖνον]</span> <span class='ocrx_word' id='word_1_247' title='bbox 1767 771 1939 813; x_wconf 85' lang='lat' dir='ltr'>Scythopo-</span> 
     </span>
     <span class='ocr_line' id='line_1_36' title="bbox 1094 821 1940 863; baseline 0 -11"><span class='ocrx_word' id='word_1_248' title='bbox 1094 821 1130 852; x_wconf 88' lang='lat' dir='ltr'>lis</span> <span class='ocrx_word' id='word_1_249' title='bbox 1153 821 1337 859; x_wconf 76' lang='lat' dir='ltr'>Palaestinae,</span> <span class='ocrx_word' id='word_1_250' title='bbox 1361 830 1452 853; x_wconf 85' lang='lat' dir='ltr'>antea</span> <span class='ocrx_word' id='word_1_251' title='bbox 1472 822 1554 852; x_wconf 86' lang='lat' dir='ltr'>dicta</span> <span class='ocrx_word' id='word_1_252' title='bbox 1579 822 1736 853; x_wconf 87' lang='lat' dir='ltr'>Bethsana</span> <span class='ocrx_word' id='word_1_253' title='bbox 1759 822 1940 863; x_wconf 85' lang='grc' dir='ltr'>(Βήθσανα).</span> 
     </span>
     <span class='ocr_line' id='line_1_37' title="bbox 1095 873 1941 915; baseline -0.001 -11"><span class='ocrx_word' id='word_1_254' title='bbox 1095 873 1164 904; x_wconf 91' lang='lat' dir='ltr'>Vid.</span> <span class='ocrx_word' id='word_1_255' title='bbox 1183 873 1321 904; x_wconf 86' lang='lat' dir='ltr'>Salmasii</span> <span class='ocrx_word' id='word_1_256' title='bbox 1338 873 1491 904; x_wconf 81' lang='lat' dir='ltr'>Exercitt.</span> <span class='ocrx_word' id='word_1_257' title='bbox 1506 873 1604 904; x_wconf 91' lang='lat' dir='ltr'>Plinn.</span> <span class='ocrx_word' id='word_1_258' title='bbox 1623 885 1651 915; x_wconf 90' lang='lat' dir='ltr'>p.</span> <span class='ocrx_word' id='word_1_259' title='bbox 1666 873 1737 903; x_wconf 87' lang='lat'>618.</span> <span class='ocrx_word' id='word_1_260' title='bbox 1763 873 1885 904; x_wconf 85' lang='lat' dir='ltr'>Berkel.</span> <span class='ocrx_word' id='word_1_261' title='bbox 1902 874 1941 904; x_wconf 85' lang='lat' dir='ltr'>ad</span> 
     </span>
     <span class='ocr_line' id='line_1_38' title="bbox 1095 924 1941 968; baseline 0 -13"><span class='ocrx_word' id='word_1_262' title='bbox 1095 925 1204 968; x_wconf 86' lang='lat' dir='ltr'>Steph.</span> <span class='ocrx_word' id='word_1_263' title='bbox 1228 926 1307 967; x_wconf 80' lang='lat' dir='ltr'>Byz.</span> <span class='ocrx_word' id='word_1_264' title='bbox 1335 936 1364 967; x_wconf 90' lang='lat' dir='ltr'>p.</span> <span class='ocrx_word' id='word_1_265' title='bbox 1383 926 1456 967; x_wconf 86' lang='lat'>675.</span> <span class='ocrx_word' id='word_1_266' title='bbox 1484 932 1515 955; x_wconf 86' lang='lat' dir='ltr'>et</span> <span class='ocrx_word' id='word_1_267' title='bbox 1541 925 1687 967; x_wconf 86' lang='lat' dir='ltr'>interprr.</span> <span class='ocrx_word' id='word_1_268' title='bbox 1714 924 1752 955; x_wconf 86' lang='lat' dir='ltr'>ad</span> <span class='ocrx_word' id='word_1_269' title='bbox 1779 925 1941 955; x_wconf 83' lang='lat' dir='ltr'>Sozomeni</span> 
     </span>
     <span class='ocr_line' id='line_1_39' title="bbox 1094 976 1941 1019; baseline -0.001 -12"><span class='ocrx_word' id='word_1_270' title='bbox 1094 976 1178 1007; x_wconf 84' lang='lat' dir='ltr'>Hist.</span> <span class='ocrx_word' id='word_1_271' title='bbox 1196 977 1315 1007; x_wconf 86' lang='lat' dir='ltr'>Eccles.</span> <span class='ocrx_word' id='word_1_272' title='bbox 1339 988 1370 1018; x_wconf 90' lang='lat' dir='ltr'>p.</span> <span class='ocrx_word' id='word_1_273' title='bbox 1385 986 1458 1017; x_wconf 72' lang='lat'>317.</span> <span class='ocrx_word' id='word_1_274' title='bbox 1480 988 1510 1019; x_wconf 88' lang='lat' dir='ltr'>p.</span> <span class='ocrx_word' id='word_1_275' title='bbox 1528 985 1601 1018; x_wconf 83' lang='lat'>372.</span> <span class='ocrx_word' id='word_1_276' title='bbox 1619 976 1668 1007; x_wconf 85' lang='lat' dir='ltr'>ed.</span> <span class='ocrx_word' id='word_1_277' title='bbox 1683 976 1815 1007; x_wconf 77' lang='lat' dir='ltr'>Tauria.</span> <span class='ocrx_word' id='word_1_278' title='bbox 1861 977 1941 1007; x_wconf 82' lang='lat' dir='ltr'>Mox</span> 
     </span>
     <span class='ocr_line' id='line_1_40' title="bbox 1094 1027 1940 1069; baseline -0.001 -11"><span class='ocrx_word' id='word_1_279' title='bbox 1094 1027 1128 1058; x_wconf 83' lang='grc' dir='ltr'>ὃν</span> <span class='ocrx_word' id='word_1_280' title='bbox 1143 1029 1158 1058; x_wconf 89' lang='grc' dir='ltr'><em>ὁ</em></span> <span class='ocrx_word' id='word_1_281' title='bbox 1172 1027 1311 1066; x_wconf 88' lang='grc' dir='ltr'>Ἀμέλιος</span> <span class='ocrx_word' id='word_1_282' title='bbox 1326 1028 1482 1058; x_wconf 89' lang='grc' dir='ltr'>Μίκκαλον</span> <span class='ocrx_word' id='word_1_283' title='bbox 1496 1028 1730 1067; x_wconf 86' lang='grc' dir='ltr'>προσηγόρευσε.</span> <span class='ocrx_word' id='word_1_284' title='bbox 1770 1028 1820 1058; x_wconf 88' lang='lat' dir='ltr'>Ita</span> <span class='ocrx_word' id='word_1_285' title='bbox 1836 1027 1940 1069; x_wconf 81' lang='lat' dir='ltr'>scripsi</span> 
     </span>
     <span class='ocr_line' id='line_1_41' title="bbox 1094 1078 1942 1119; baseline -0.002 -9"><span class='ocrx_word' id='word_1_286' title='bbox 1094 1091 1163 1110; x_wconf 89' lang='lat' dir='ltr'>cum</span> <span class='ocrx_word' id='word_1_287' title='bbox 1183 1079 1263 1110; x_wconf 76' lang='lat' dir='ltr'>cod.</span> <span class='ocrx_word' id='word_1_288' title='bbox 1280 1079 1372 1109; x_wconf 85' lang='lat' dir='ltr'>Paris.</span> <span class='ocrx_word' id='word_1_289' title='bbox 1391 1090 1420 1109; x_wconf 92' lang='lat' dir='ltr'>n.</span> <span class='ocrx_word' id='word_1_290' title='bbox 1441 1089 1536 1119; x_wconf 84' lang='lat'>2290.</span> <span class='ocrx_word' id='word_1_291' title='bbox 1558 1086 1682 1109; x_wconf 84' lang='lat' dir='ltr'>secutus</span> <span class='ocrx_word' id='word_1_292' title='bbox 1703 1078 1942 1109; x_wconf 84' lang='lat' dir='ltr'>Boissonadium</span> 
     </span>
     <span class='ocr_line' id='line_1_42' title="bbox 1093 1130 1942 1172; baseline 0 -11"><span class='ocrx_word' id='word_1_293' title='bbox 1093 1130 1132 1162; x_wconf 85' lang='lat' dir='ltr'>ad</span> <span class='ocrx_word' id='word_1_294' title='bbox 1158 1131 1334 1162; x_wconf 79' lang='lat' dir='ltr'>Philostrati</span> <span class='ocrx_word' id='word_1_295' title='bbox 1358 1130 1494 1161; x_wconf 87' lang='lat' dir='ltr'>Heroica</span> <span class='ocrx_word' id='word_1_296' title='bbox 1517 1141 1548 1172; x_wconf 92' lang='lat' dir='ltr'>p.</span> <span class='ocrx_word' id='word_1_297' title='bbox 1565 1139 1637 1171; x_wconf 82' lang='lat'>530.</span> <span class='ocrx_word' id='word_1_298' title='bbox 1656 1142 1701 1171; x_wconf 90' lang='lat' dir='ltr'>sq.</span> <span class='ocrx_word' id='word_1_299' title='bbox 1726 1130 1765 1160; x_wconf 89' lang='lat' dir='ltr'>de</span> <span class='ocrx_word' id='word_1_300' title='bbox 1786 1130 1942 1172; x_wconf 81' lang='lat' dir='ltr'>frequenti</span> 
     </span>
     <span class='ocr_line' id='line_1_43' title="bbox 1093 1182 1942 1225; baseline -0.001 -12"><span class='ocrx_word' id='word_1_301' title='bbox 1093 1182 1320 1225; x_wconf 80' lang='lat' dir='ltr'>permutatione</span> <span class='ocrx_word' id='word_1_302' title='bbox 1348 1182 1459 1212; x_wconf 87' lang='lat' dir='ltr'>horum</span> <span class='ocrx_word' id='word_1_303' title='bbox 1486 1188 1661 1223; x_wconf 87' lang='lat' dir='ltr'>temporum</span> <span class='ocrx_word' id='word_1_304' title='bbox 1688 1188 1843 1223; x_wconf 80' lang='lat' dir='ltr'>agentem.</span> <span class='ocrx_word' id='word_1_305' title='bbox 1889 1182 1942 1213; x_wconf 89' lang='lat' dir='ltr'>Cf.</span> 
     </span>
     <span class='ocr_line' id='line_1_44' title="bbox 1093 1232 1943 1275; baseline 0 -11"><span class='ocrx_word' id='word_1_306' title='bbox 1093 1234 1184 1264; x_wconf 86' lang='lat' dir='ltr'>etiam</span> <span class='ocrx_word' id='word_1_307' title='bbox 1208 1233 1289 1264; x_wconf 86' lang='lat' dir='ltr'>infra</span> <span class='ocrx_word' id='word_1_308' title='bbox 1311 1245 1338 1264; x_wconf 96' lang='lat' dir='ltr'>c.</span> <span class='ocrx_word' id='word_1_309' title='bbox 1356 1233 1474 1263; x_wconf 84' lang='lat' dir='ltr'>XVII.</span> <span class='ocrx_word' id='word_1_310' title='bbox 1492 1244 1522 1275; x_wconf 91' lang='lat' dir='ltr'>p.</span> <span class='ocrx_word' id='word_1_311' title='bbox 1539 1242 1610 1273; x_wconf 90' lang='lat'>119.</span> <span class='ocrx_word' id='word_1_312' title='bbox 1629 1232 1682 1263; x_wconf 93' lang='lat' dir='ltr'>ubi</span> <span class='ocrx_word' id='word_1_313' title='bbox 1700 1232 1781 1263; x_wconf 87' lang='lat' dir='ltr'>idem</span> <span class='ocrx_word' id='word_1_314' title='bbox 1800 1233 1943 1264; x_wconf 89' lang='lat' dir='ltr'>Amelius</span> 
     </span>
    </p>
   </div>
   <div class='ocr_carea' id='block_1_12' title="bbox 187 1283 1941 1327">
    <p class='ocr_par' dir='ltr' id='par_1_13' title="bbox 187 1283 1941 1327">
     <span class='ocr_line' id='line_1_45' title="bbox 187 1283 1941 1327; baseline 0 -12"><span class='ocrx_word' id='word_1_315' title='bbox 187 1285 367 1327; x_wconf 82' lang='lat' dir='ltr'>respiciens:</span> <span class='ocrx_word' id='word_1_316' title='bbox 387 1285 586 1324; x_wconf 85' lang='grc' dir='ltr'>Συμφοιτηταὶ</span> <span class='ocrx_word' id='word_1_317' title='bbox 601 1285 656 1322; x_wconf 82' lang='grc' dir='ltr'>μὲν</span> <span class='ocrx_word' id='word_1_318' title='bbox 672 1284 733 1319; x_wconf 72' lang='grc' dir='ltr'>οὖν,</span> <span class='ocrx_word' id='word_1_319' title='bbox 751 1285 789 1316; x_wconf 85' lang='grc' dir='ltr'>ὡς</span> <span class='ocrx_word' id='word_1_320' title='bbox 805 1284 890 1316; x_wconf 83' lang='grc' dir='ltr'>αὐτὸς</span> <span class='ocrx_word' id='word_1_321' title='bbox 906 1284 1033 1324; x_wconf 82' lang='grc' dir='ltr'>ἀναγρά-</span> <span class='ocrx_word' id='word_1_322' title='bbox 1051 1294 1078 1321; x_wconf 88' lang='lat' dir='ltr'><strong>D</strong></span> <span class='ocrx_word' id='word_1_323' title='bbox 1095 1284 1214 1315; x_wconf 85' lang='lat' dir='ltr'>Malchi</span> <span class='ocrx_word' id='word_1_324' title='bbox 1231 1285 1293 1315; x_wconf 88' lang='lat' dir='ltr'>sive</span> <span class='ocrx_word' id='word_1_325' title='bbox 1312 1283 1480 1325; x_wconf 88' lang='lat' dir='ltr'>Porphyrii</span> <span class='ocrx_word' id='word_1_326' title='bbox 1501 1294 1613 1313; x_wconf 89' lang='lat' dir='ltr'>nomen</span> <span class='ocrx_word' id='word_1_327' title='bbox 1637 1290 1772 1313; x_wconf 88' lang='lat' dir='ltr'>mutasse</span> <span class='ocrx_word' id='word_1_328' title='bbox 1791 1294 1941 1315; x_wconf 86' lang='lat' dir='ltr'>memora-</span> 
     </span>
    </p>
   </div>
   <div class='ocr_carea' id='block_1_13' title="bbox 183 1334 1032 1993">
    <p class='ocr_par' dir='ltr' id='par_1_14' title="bbox 183 1334 1032 1993">
     <span class='ocr_line' id='line_1_46' title="bbox 187 1334 1032 1376; baseline -0.001 -9"><span class='ocrx_word' id='word_1_329' title='bbox 187 1341 247 1376; x_wconf 85' lang='grc' dir='ltr'>φει,</span> <span class='ocrx_word' id='word_1_330' title='bbox 266 1336 415 1376; x_wconf 82' lang='grc' dir='ltr'>κράτιστοί</span> <span class='ocrx_word' id='word_1_331' title='bbox 429 1349 504 1367; x_wconf 82' lang='grc' dir='ltr'>τινες</span> <span class='ocrx_word' id='word_1_332' title='bbox 524 1337 666 1375; x_wconf 81' lang='grc' dir='ltr'>ὑπῆρχον,</span> <span class='ocrx_word' id='word_1_333' title='bbox 682 1334 841 1375; x_wconf 83' lang='grc' dir='ltr'>Ὠριγένης</span> <span class='ocrx_word' id='word_1_334' title='bbox 860 1348 892 1366; x_wconf 91' lang='grc' dir='ltr'>τε</span> <span class='ocrx_word' id='word_1_335' title='bbox 915 1335 962 1366; x_wconf 82' lang='grc' dir='ltr'>καὶ</span> <span class='ocrx_word' id='word_1_336' title='bbox 981 1335 1032 1366; x_wconf 91' lang='lat' dir='ltr'>’A-</span> 
     </span>
     <span class='ocr_line' id='line_1_47' title="bbox 185 1385 1032 1428; baseline -0.002 -10"><span class='ocrx_word' id='word_1_337' title='bbox 185 1388 284 1427; x_wconf 83' lang='grc' dir='ltr'>μέριος</span> <span class='ocrx_word' id='word_1_338' title='bbox 307 1388 352 1418; x_wconf 78' lang='grc' dir='ltr'>καὶ</span> <span class='ocrx_word' id='word_1_339' title='bbox 374 1386 537 1422; x_wconf 80' lang='grc' dir='ltr'>Ἀκυλῖνος,</span> <span class='ocrx_word' id='word_1_340' title='bbox 554 1386 594 1417; x_wconf 85' lang='lat' dir='ltr'>ad</span> <span class='ocrx_word' id='word_1_341' title='bbox 615 1397 708 1428; x_wconf 89' lang='lat' dir='ltr'>quem</span> <span class='ocrx_word' id='word_1_342' title='bbox 732 1386 832 1416; x_wconf 90' lang='lat' dir='ltr'>Iocum</span> <span class='ocrx_word' id='word_1_343' title='bbox 856 1386 951 1417; x_wconf 86' lang='lat' dir='ltr'>nostri</span> <span class='ocrx_word' id='word_1_344' title='bbox 975 1385 1032 1417; x_wconf 88' lang='lat' dir='ltr'>loci</span> 
     </span>
     <span class='ocr_line' id='line_1_48' title="bbox 185 1437 1032 1479; baseline -0.001 -10"><span class='ocrx_word' id='word_1_345' title='bbox 185 1450 246 1469; x_wconf 93' lang='lat' dir='ltr'>non</span> <span class='ocrx_word' id='word_1_346' title='bbox 270 1439 463 1469; x_wconf 80' lang='lat' dir='ltr'>immemores</span> <span class='ocrx_word' id='word_1_347' title='bbox 484 1438 612 1468; x_wconf 86' lang='lat' dir='ltr'>fuerunt</span> <span class='ocrx_word' id='word_1_348' title='bbox 629 1437 848 1468; x_wconf 86' lang='lat' dir='ltr'>Boissonadius</span> <span class='ocrx_word' id='word_1_349' title='bbox 864 1449 895 1479; x_wconf 91' lang='lat' dir='ltr'>p.</span> <span class='ocrx_word' id='word_1_350' title='bbox 912 1439 982 1477; x_wconf 89' lang='lat'>167.</span> <span class='ocrx_word' id='word_1_351' title='bbox 1001 1446 1032 1468; x_wconf 89' lang='lat' dir='ltr'>et</span> 
     </span>
     <span class='ocr_line' id='line_1_49' title="bbox 186 1488 1032 1532; baseline -0.002 -12"><span class='ocrx_word' id='word_1_352' title='bbox 186 1489 450 1532; x_wconf 59' lang='lat' dir='ltr'>WVyttenbachius</span> <span class='ocrx_word' id='word_1_353' title='bbox 473 1501 503 1530; x_wconf 88' lang='lat' dir='ltr'>p.</span> <span class='ocrx_word' id='word_1_354' title='bbox 521 1499 574 1528; x_wconf 89' lang='lat'>40.</span> <span class='ocrx_word' id='word_1_355' title='bbox 624 1488 740 1519; x_wconf 88' lang='lat' dir='ltr'>Plotini</span> <span class='ocrx_word' id='word_1_356' title='bbox 763 1488 835 1518; x_wconf 87' lang='lat' dir='ltr'>item</span> <span class='ocrx_word' id='word_1_357' title='bbox 860 1488 1032 1530; x_wconf 88' lang='lat' dir='ltr'>discipulus</span> 
     </span>
     <span class='ocr_line' id='line_1_50' title="bbox 185 1539 1032 1581; baseline -0.002 -9"><span class='ocrx_word' id='word_1_358' title='bbox 185 1541 298 1572; x_wconf 89' lang='lat' dir='ltr'>dicitur</span> <span class='ocrx_word' id='word_1_359' title='bbox 314 1540 460 1581; x_wconf 81' lang='lat' dir='ltr'>Longino</span> <span class='ocrx_word' id='word_1_360' title='bbox 475 1539 556 1570; x_wconf 85' lang='lat' dir='ltr'>infra</span> <span class='ocrx_word' id='word_1_361' title='bbox 578 1551 604 1570; x_wconf 88' lang='lat' dir='ltr'>c.</span> <span class='ocrx_word' id='word_1_362' title='bbox 621 1541 672 1580; x_wconf 84' lang='lat'>36.</span> <span class='ocrx_word' id='word_1_363' title='bbox 696 1550 727 1581; x_wconf 89' lang='lat' dir='ltr'>p.</span> <span class='ocrx_word' id='word_1_364' title='bbox 748 1540 816 1570; x_wconf 85' lang='lat'>128.</span> <span class='ocrx_word' id='word_1_365' title='bbox 843 1539 977 1581; x_wconf 88' lang='lat' dir='ltr'>indeque</span> <span class='ocrx_word' id='word_1_366' title='bbox 1000 1539 1032 1570; x_wconf 86' lang='lat' dir='ltr'>in</span> 
     </span>
     <span class='ocr_line' id='line_1_51' title="bbox 186 1590 1029 1634; baseline -0.001 -11"><span class='ocrx_word' id='word_1_367' title='bbox 186 1591 322 1634; x_wconf 80' lang='lat' dir='ltr'>Longini</span> <span class='ocrx_word' id='word_1_368' title='bbox 345 1592 446 1633; x_wconf 82' lang='lat' dir='ltr'>fragg.</span> <span class='ocrx_word' id='word_1_369' title='bbox 461 1591 498 1622; x_wconf 89' lang='lat' dir='ltr'>V.</span> <span class='ocrx_word' id='word_1_370' title='bbox 516 1590 556 1621; x_wconf 89' lang='lat' dir='ltr'>ad</span> <span class='ocrx_word' id='word_1_371' title='bbox 571 1590 656 1633; x_wconf 88' lang='lat' dir='ltr'>quod</span> <span class='ocrx_word' id='word_1_372' title='bbox 680 1590 793 1621; x_wconf 84' lang='lat' dir='ltr'>adhibe</span> <span class='ocrx_word' id='word_1_373' title='bbox 810 1591 973 1632; x_wconf 88' lang='lat' dir='ltr'>Toupium</span> <span class='ocrx_word' id='word_1_374' title='bbox 996 1603 1029 1633; x_wconf 91' lang='lat' dir='ltr'>p.</span> 
     </span>
     <span class='ocr_line' id='line_1_52' title="bbox 184 1641 542 1686; baseline -0.008 -11"><span class='ocrx_word' id='word_1_375' title='bbox 184 1654 255 1686; x_wconf 80' lang='lat'>520.</span> <span class='ocrx_word' id='word_1_376' title='bbox 281 1655 327 1685; x_wconf 90' lang='lat' dir='ltr'>sq.</span> <span class='ocrx_word' id='word_1_377' title='bbox 354 1642 403 1674; x_wconf 91' lang='lat' dir='ltr'>ed.</span> <span class='ocrx_word' id='word_1_378' title='bbox 423 1641 542 1672; x_wconf 71' lang='lat' dir='ltr'>Weisk.</span> 
     </span>
     <span class='ocr_line' id='line_1_53' title="bbox 185 1694 1032 1736; baseline -0.002 -9"><span class='ocrx_word' id='word_1_379' title='bbox 185 1695 291 1727; x_wconf 75' lang='lat' dir='ltr'>Gazaei</span> <span class='ocrx_word' id='word_1_380' title='bbox 309 1694 520 1736; x_wconf 85' lang='lat' dir='ltr'>Theophrast.</span> <span class='ocrx_word' id='word_1_381' title='bbox 543 1705 574 1736; x_wconf 92' lang='lat' dir='ltr'>p.</span> <span class='ocrx_word' id='word_1_382' title='bbox 592 1695 644 1735; x_wconf 82' lang='grc'><strong>98.</strong></span> <span class='ocrx_word' id='word_1_383' title='bbox 669 1694 709 1724; x_wconf 86' lang='lat' dir='ltr'>ad</span> <span class='ocrx_word' id='word_1_384' title='bbox 733 1694 846 1724; x_wconf 86' lang='lat' dir='ltr'>verba:</span> <span class='ocrx_word' id='word_1_385' title='bbox 876 1697 1032 1726; x_wconf 84' lang='grc' dir='ltr'>Πλωτῖνος</span> 
     </span>
     <span class='ocr_line' id='line_1_54' title="bbox 184 1745 1029 1787; baseline -0.004 -9"><span class='ocrx_word' id='word_1_386' title='bbox 184 1749 256 1787; x_wconf 79' lang='grc' dir='ltr'>γοῦν</span> <span class='ocrx_word' id='word_1_387' title='bbox 273 1747 318 1777; x_wconf 82' lang='grc' dir='ltr'>καὶ</span> <span class='ocrx_word' id='word_1_388' title='bbox 332 1745 553 1786; x_wconf 70' lang='grc' dir='ltr'>Ἁρποκρατίων</span> <span class='ocrx_word' id='word_1_389' title='bbox 573 1745 677 1784; x_wconf 84' lang='grc' dir='ltr'>ἀμέλει</span> <span class='ocrx_word' id='word_1_390' title='bbox 701 1746 747 1776; x_wconf 83' lang='grc' dir='ltr'>καὶ</span> <span class='ocrx_word' id='word_1_391' title='bbox 770 1745 1029 1784; x_wconf 68' lang='grc' dir='ltr'>Βοηθὸς-θωρη-</span> 
     </span>
     <span class='ocr_line' id='line_1_55' title="bbox 184 1796 1032 1840; baseline -0.004 -11"><span class='ocrx_word' id='word_1_392' title='bbox 184 1798 351 1840; x_wconf 87' lang='lat' dir='ltr'>darijubet</span> <span class='ocrx_word' id='word_1_393' title='bbox 365 1796 505 1835; x_wconf 85' lang='grc' dir='ltr'>Ἀμέλιος</span> <span class='ocrx_word' id='word_1_394' title='bbox 521 1797 578 1827; x_wconf 87' lang='grc' dir='ltr'>καί.</span> <span class='ocrx_word' id='word_1_395' title='bbox 624 1798 724 1834; x_wconf 82' lang='lat' dir='ltr'>Quem</span> <span class='ocrx_word' id='word_1_396' title='bbox 741 1796 842 1827; x_wconf 87' lang='lat' dir='ltr'>locum</span> <span class='ocrx_word' id='word_1_397' title='bbox 859 1808 929 1827; x_wconf 90' lang='lat' dir='ltr'>cum</span> <span class='ocrx_word' id='word_1_398' title='bbox 946 1796 1032 1827; x_wconf 81' lang='lat' dir='ltr'>exhi-</span> 
     </span>
     <span class='ocr_line' id='line_1_56' title="bbox 183 1847 1031 1890; baseline -0.004 -9"><span class='ocrx_word' id='word_1_399' title='bbox 183 1849 285 1881; x_wconf 86' lang='lat' dir='ltr'>buerit</span> <span class='ocrx_word' id='word_1_400' title='bbox 301 1848 340 1879; x_wconf 89' lang='lat' dir='ltr'>ad</span> <span class='ocrx_word' id='word_1_401' title='bbox 354 1848 491 1879; x_wconf 82' lang='lat' dir='ltr'>Platonis</span> <span class='ocrx_word' id='word_1_402' title='bbox 504 1847 655 1879; x_wconf 66' lang='lat' dir='ltr'>Phaedon.</span> <span class='ocrx_word' id='word_1_403' title='bbox 668 1848 933 1890; x_wconf 55' lang='lat' dir='ltr'>W&#39;yttenbachius</span> <span class='ocrx_word' id='word_1_404' title='bbox 949 1847 1031 1878; x_wconf 92' lang='lat' dir='ltr'>illius</span> 
     </span>
     <span class='ocr_line' id='line_1_57' title="bbox 185 1899 1031 1944; baseline -0.005 -11"><span class='ocrx_word' id='word_1_405' title='bbox 185 1902 369 1944; x_wconf 83' lang='lat' dir='ltr'>conjecturae</span> <span class='ocrx_word' id='word_1_406' title='bbox 393 1899 578 1930; x_wconf 86' lang='lat' dir='ltr'>mentionem</span> <span class='ocrx_word' id='word_1_407' title='bbox 601 1899 714 1930; x_wconf 89' lang='lat' dir='ltr'>omisit.</span> <span class='ocrx_word' id='word_1_408' title='bbox 761 1900 872 1930; x_wconf 85' lang='lat' dir='ltr'>Restat</span> <span class='ocrx_word' id='word_1_409' title='bbox 892 1906 927 1929; x_wconf 89' lang='lat' dir='ltr'>ut</span> <span class='ocrx_word' id='word_1_410' title='bbox 948 1899 1031 1929; x_wconf 87' lang='lat' dir='ltr'>vide-</span> 
     </span>
     <span class='ocr_line' id='line_1_58' title="bbox 185 1950 1029 1993; baseline -0.004 -9"><span class='ocrx_word' id='word_1_411' title='bbox 185 1964 282 1991; x_wconf 85' lang='lat' dir='ltr'>amus,</span> <span class='ocrx_word' id='word_1_412' title='bbox 298 1963 368 1983; x_wconf 90' lang='lat' dir='ltr'>cum</span> <span class='ocrx_word' id='word_1_413' title='bbox 386 1951 592 1982; x_wconf 87' lang='lat' dir='ltr'>Holsteniana</span> <span class='ocrx_word' id='word_1_414' title='bbox 607 1950 684 1981; x_wconf 88' lang='lat' dir='ltr'>ratio</span> <span class='ocrx_word' id='word_1_415' title='bbox 699 1951 865 1993; x_wconf 83' lang='lat' dir='ltr'>rejicienda</span> <span class='ocrx_word' id='word_1_416' title='bbox 880 1950 930 1990; x_wconf 78' lang='lat' dir='ltr'>sit,</span> <span class='ocrx_word' id='word_1_417' title='bbox 946 1962 1029 1993; x_wconf 86' lang='lat' dir='ltr'>quae-</span> 
     </span>
    </p>
   </div>
   <div class='ocr_carea' id='block_1_14' title="bbox 1093 1334 1944 1582">
    <p class='ocr_par' dir='ltr' id='par_1_15' title="bbox 1093 1334 1944 1582">
     <span class='ocr_line' id='line_1_59' title="bbox 1094 1334 1940 1376; baseline 0 -10"><span class='ocrx_word' id='word_1_418' title='bbox 1094 1342 1155 1366; x_wconf 87' lang='lat' dir='ltr'>tur.</span> <span class='ocrx_word' id='word_1_419' title='bbox 1181 1340 1201 1353; x_wconf 89' lang='grc'>“</span> <span class='ocrx_word' id='word_1_420' title='bbox 1216 1335 1369 1367; x_wconf 86' lang='grc' dir='ltr'>Μίκκαλος</span> <span class='ocrx_word' id='word_1_421' title='bbox 1385 1334 1492 1365; x_wconf 85' lang='lat' dir='ltr'>musici</span> <span class='ocrx_word' id='word_1_422' title='bbox 1510 1345 1621 1365; x_wconf 90' lang='lat' dir='ltr'>nomen</span> <span class='ocrx_word' id='word_1_423' title='bbox 1637 1334 1722 1376; x_wconf 87' lang='lat' dir='ltr'>apud</span> <span class='ocrx_word' id='word_1_424' title='bbox 1740 1334 1940 1366; x_wconf 80' lang='lat' dir='ltr'>Aristotelem</span> 
     </span>
     <span class='ocr_line' id='line_1_60' title="bbox 1094 1385 1943 1429; baseline 0.001 -12"><span class='ocrx_word' id='word_1_425' title='bbox 1094 1386 1252 1429; x_wconf 86' lang='lat' dir='ltr'>Analytic.</span> <span class='ocrx_word' id='word_1_426' title='bbox 1268 1386 1350 1428; x_wconf 82' lang='lat' dir='ltr'>[cap.</span> <span class='ocrx_word' id='word_1_427' title='bbox 1362 1396 1414 1428; x_wconf 84' lang='lat'>33.</span> <span class='ocrx_word' id='word_1_428' title='bbox 1432 1398 1461 1428; x_wconf 87' lang='lat' dir='ltr'>p.</span> <span class='ocrx_word' id='word_1_429' title='bbox 1476 1396 1544 1428; x_wconf 81' lang='lat'>139.</span> <span class='ocrx_word' id='word_1_430' title='bbox 1561 1385 1735 1429; x_wconf 67' lang='lat' dir='ltr'>Sylburgii]</span> <span class='ocrx_word' id='word_1_431' title='bbox 1753 1387 1792 1417; x_wconf 87' lang='lat' dir='ltr'>ab</span> <span class='ocrx_word' id='word_1_432' title='bbox 1808 1386 1943 1418; x_wconf 78' lang='lat' dir='ltr'>exilitate</span> 
     </span>
     <span class='ocr_line' id='line_1_61' title="bbox 1093 1437 1944 1480; baseline 0 -11"><span class='ocrx_word' id='word_1_433' title='bbox 1093 1438 1223 1469; x_wconf 88' lang='lat' dir='ltr'>ductum</span> <span class='ocrx_word' id='word_1_434' title='bbox 1241 1438 1338 1468; x_wconf 89' lang='lat' dir='ltr'>videri</span> <span class='ocrx_word' id='word_1_435' title='bbox 1354 1446 1467 1480; x_wconf 84' lang='lat' dir='ltr'>potest,</span> <span class='ocrx_word' id='word_1_436' title='bbox 1482 1437 1609 1480; x_wconf 88' lang='lat' dir='ltr'>perinde</span> <span class='ocrx_word' id='word_1_437' title='bbox 1624 1445 1658 1468; x_wconf 91' lang='lat' dir='ltr'>ut</span> <span class='ocrx_word' id='word_1_438' title='bbox 1672 1437 1834 1475; x_wconf 85' lang='lat' dir='ltr'>Paulinus,</span> <span class='ocrx_word' id='word_1_439' title='bbox 1849 1438 1944 1469; x_wconf 86' lang='lat' dir='ltr'>veluti</span> 
     </span>
     <span class='ocr_line' id='line_1_62' title="bbox 1094 1490 1943 1532; baseline -0.002 -11"><span class='ocrx_word' id='word_1_440' title='bbox 1094 1490 1147 1532; x_wconf 89' lang='lat' dir='ltr'>qui</span> <span class='ocrx_word' id='word_1_441' title='bbox 1175 1490 1253 1521; x_wconf 88' lang='lat' dir='ltr'>solas</span> <span class='ocrx_word' id='word_1_442' title='bbox 1280 1490 1426 1520; x_wconf 84' lang='lat' dir='ltr'>minutias</span> <span class='ocrx_word' id='word_1_443' title='bbox 1453 1497 1655 1520; x_wconf 84' lang='lat' dir='ltr'>consectetur.</span> <span class='ocrx_word' id='word_1_444' title='bbox 1702 1491 1943 1528; x_wconf 82' lang='grc' dir='ltr'>Παρακούσματα</span> 
     </span>
     <span class='ocr_line' id='line_1_63' title="bbox 1095 1540 1943 1582; baseline -0.002 -10"><span class='ocrx_word' id='word_1_445' title='bbox 1095 1541 1216 1573; x_wconf 90' lang='lat' dir='ltr'>Gellius</span> <span class='ocrx_word' id='word_1_446' title='bbox 1240 1541 1312 1572; x_wconf 88' lang='lat' dir='ltr'>scite</span> <span class='ocrx_word' id='word_1_447' title='bbox 1328 1541 1407 1572; x_wconf 84' lang='lat' dir='ltr'>dixit</span> <span class='ocrx_word' id='word_1_448' title='bbox 1425 1542 1462 1572; x_wconf 88' lang='lat' dir='ltr'>V.</span> <span class='ocrx_word' id='word_1_449' title='bbox 1478 1550 1528 1572; x_wconf 75' lang='lat'>21.</span> <span class='ocrx_word' id='word_1_450' title='bbox 1548 1540 1648 1571; x_wconf 83' lang='lat' dir='ltr'>nudas</span> <span class='ocrx_word' id='word_1_451' title='bbox 1670 1540 1891 1582; x_wconf 85' lang='lat' dir='ltr'>inchoatasque</span> <span class='ocrx_word' id='word_1_452' title='bbox 1913 1549 1943 1571; x_wconf 83' lang='lat' dir='ltr'>et</span> 
     </span>
    </p>
   </div>
   <div class='ocr_carea' id='block_1_15' title="bbox 1093 1592 1943 1636">
    <p class='ocr_par' dir='ltr' id='par_1_16' title="bbox 1093 1592 1943 1636">
     <span class='ocr_line' id='line_1_64' title="bbox 1093 1592 1943 1636; baseline -0.001 -12"><span class='ocrx_word' id='word_1_453' title='bbox 1093 1604 1154 1624; x_wconf 89' lang='lat' dir='ltr'>non</span> <span class='ocrx_word' id='word_1_454' title='bbox 1171 1593 1285 1636; x_wconf 85' lang='lat' dir='ltr'>probas</span> <span class='ocrx_word' id='word_1_455' title='bbox 1300 1592 1591 1623; x_wconf 69' lang='lat' dir='ltr'>inau&lt;litiu11culas.”</span> <span class='ocrx_word' id='word_1_456' title='bbox 1607 1592 1733 1622; x_wconf 76' lang='lat' dir='ltr'>Fabric.</span> <span class='ocrx_word' id='word_1_457' title='bbox 1766 1592 1850 1622; x_wconf 91' lang='lat' dir='ltr'>Hinc</span> <span class='ocrx_word' id='word_1_458' title='bbox 1865 1592 1943 1623; x_wconf 86' lang='lat' dir='ltr'>Pau-</span> 
     </span>
    </p>
   </div>
   <div class='ocr_carea' id='block_1_16' title="bbox 594 1642 1942 1685">
    <p class='ocr_par' dir='ltr' id='par_1_17' title="bbox 594 1642 1942 1685">
     <span class='ocr_line' id='line_1_65' title="bbox 594 1642 1942 1685; baseline 0 -12"><span class='ocrx_word' id='word_1_459' title='bbox 594 1643 686 1684; x_wconf 81' lang='lat' dir='ltr'>Casp.</span> <span class='ocrx_word' id='word_1_460' title='bbox 715 1642 823 1672; x_wconf 86' lang='lat' dir='ltr'>Barth.</span> <span class='ocrx_word' id='word_1_461' title='bbox 851 1642 891 1672; x_wconf 89' lang='lat' dir='ltr'>ad</span> <span class='ocrx_word' id='word_1_462' title='bbox 919 1643 1031 1673; x_wconf 83' lang='lat' dir='ltr'>AEneae</span> <span class='ocrx_word' id='word_1_463' title='bbox 1049 1649 1073 1676; x_wconf 91' lang='lat' dir='ltr'><strong>E</strong></span> <span class='ocrx_word' id='word_1_464' title='bbox 1093 1644 1174 1675; x_wconf 83' lang='lat' dir='ltr'>linus</span> <span class='ocrx_word' id='word_1_465' title='bbox 1197 1644 1227 1674; x_wconf 89' lang='lat' dir='ltr'>in</span> <span class='ocrx_word' id='word_1_466' title='bbox 1245 1643 1477 1674; x_wconf 82' lang='lat' dir='ltr'>Platonicorum</span> <span class='ocrx_word' id='word_1_467' title='bbox 1501 1643 1675 1685; x_wconf 77' lang='lat' dir='ltr'>catalogum</span> <span class='ocrx_word' id='word_1_468' title='bbox 1700 1643 1813 1674; x_wconf 85' lang='lat' dir='ltr'>relatus</span> <span class='ocrx_word' id='word_1_469' title='bbox 1836 1650 1881 1674; x_wconf 86' lang='lat' dir='ltr'>est</span> <span class='ocrx_word' id='word_1_470' title='bbox 1903 1644 1942 1674; x_wconf 88' lang='lat' dir='ltr'>ab</span> 
     </span>
    </p>
   </div>
   <div class='ocr_carea' id='block_1_17' title="bbox 1092 1694 1943 1995">
    <p class='ocr_par' dir='ltr' id='par_1_18' title="bbox 1092 1694 1943 1995">
     <span class='ocr_line' id='line_1_66' title="bbox 1094 1694 1942 1737; baseline 0 -11"><span class='ocrx_word' id='word_1_471' title='bbox 1094 1697 1293 1727; x_wconf 88' lang='lat' dir='ltr'>Heumanno.</span> <span class='ocrx_word' id='word_1_472' title='bbox 1341 1696 1453 1728; x_wconf 87' lang='grc' dir='ltr'>Μίκκος</span> <span class='ocrx_word' id='word_1_473' title='bbox 1468 1695 1605 1737; x_wconf 85' lang='lat' dir='ltr'>sophista</span> <span class='ocrx_word' id='word_1_474' title='bbox 1620 1695 1651 1725; x_wconf 90' lang='lat' dir='ltr'>in</span> <span class='ocrx_word' id='word_1_475' title='bbox 1669 1694 1807 1725; x_wconf 85' lang='lat' dir='ltr'>Platonis</span> <span class='ocrx_word' id='word_1_476' title='bbox 1824 1695 1942 1737; x_wconf 73' lang='lat' dir='ltr'>Lyside</span> 
     </span>
     <span class='ocr_line' id='line_1_67' title="bbox 1093 1746 1943 1789; baseline -0.001 -11"><span class='ocrx_word' id='word_1_477' title='bbox 1093 1759 1125 1789; x_wconf 92' lang='lat' dir='ltr'>p.</span> <span class='ocrx_word' id='word_1_478' title='bbox 1144 1757 1216 1786; x_wconf 79' lang='lat'>204.</span> <span class='ocrx_word' id='word_1_479' title='bbox 1240 1759 1272 1789; x_wconf 88' lang='lat' dir='ltr'>p.</span> <span class='ocrx_word' id='word_1_480' title='bbox 1294 1757 1364 1778; x_wconf 90' lang='lat'>110.</span> <span class='ocrx_word' id='word_1_481' title='bbox 1389 1746 1490 1777; x_wconf 86' lang='lat' dir='ltr'>Bekk.</span> <span class='ocrx_word' id='word_1_482' title='bbox 1538 1748 1638 1777; x_wconf 83' lang='grc' dir='ltr'>Μίκκα</span> <span class='ocrx_word' id='word_1_483' title='bbox 1664 1747 1744 1777; x_wconf 84' lang='lat' dir='ltr'>Elea</span> <span class='ocrx_word' id='word_1_484' title='bbox 1768 1746 1943 1777; x_wconf 84' lang='lat' dir='ltr'>Philodemi</span> 
     </span>
     <span class='ocr_line' id='line_1_68' title="bbox 1092 1797 1939 1841; baseline 0 -12"><span class='ocrx_word' id='word_1_485' title='bbox 1092 1798 1155 1829; x_wconf 86' lang='lat' dir='ltr'>filia</span> <span class='ocrx_word' id='word_1_486' title='bbox 1177 1810 1228 1841; x_wconf 86' lang='lat' dir='ltr'>ap.</span> <span class='ocrx_word' id='word_1_487' title='bbox 1251 1798 1411 1829; x_wconf 86' lang='lat' dir='ltr'>Plutarch.</span> <span class='ocrx_word' id='word_1_488' title='bbox 1436 1798 1475 1828; x_wconf 91' lang='lat' dir='ltr'>de</span> <span class='ocrx_word' id='word_1_489' title='bbox 1499 1798 1629 1829; x_wconf 89' lang='lat' dir='ltr'>Virtutt.</span> <span class='ocrx_word' id='word_1_490' title='bbox 1655 1797 1792 1828; x_wconf 90' lang='lat' dir='ltr'>mulierr.</span> <span class='ocrx_word' id='word_1_491' title='bbox 1817 1810 1849 1840; x_wconf 88' lang='lat' dir='ltr'>p.</span> <span class='ocrx_word' id='word_1_492' title='bbox 1868 1808 1939 1839; x_wconf 81' lang='lat'>251.</span> 
     </span>
     <span class='ocr_line' id='line_1_69' title="bbox 1093 1849 1940 1892; baseline -0.001 -12"><span class='ocrx_word' id='word_1_493' title='bbox 1093 1862 1124 1892; x_wconf 91' lang='lat' dir='ltr'>p.</span> <span class='ocrx_word' id='word_1_494' title='bbox 1147 1860 1200 1891; x_wconf 80' lang='lat'>31.</span> <span class='ocrx_word' id='word_1_495' title='bbox 1222 1851 1327 1892; x_wconf 83' lang='lat' dir='ltr'>Wytt.</span> <span class='ocrx_word' id='word_1_496' title='bbox 1374 1851 1527 1882; x_wconf 84' lang='grc' dir='ltr'>Μίκκαλος</span> <span class='ocrx_word' id='word_1_497' title='bbox 1555 1849 1620 1891; x_wconf 87' lang='lat' dir='ltr'>ipse</span> <span class='ocrx_word' id='word_1_498' title='bbox 1649 1849 1774 1891; x_wconf 87' lang='lat' dir='ltr'>quidem</span> <span class='ocrx_word' id='word_1_499' title='bbox 1802 1849 1940 1891; x_wconf 88' lang='lat' dir='ltr'>Olympii</span> 
     </span>
     <span class='ocr_line' id='line_1_70' title="bbox 1092 1900 1937 1944; baseline -0.001 -12"><span class='ocrx_word' id='word_1_500' title='bbox 1092 1902 1187 1932; x_wconf 84' lang='lat' dir='ltr'>frater</span> <span class='ocrx_word' id='word_1_501' title='bbox 1208 1901 1239 1932; x_wconf 87' lang='lat' dir='ltr'>in</span> <span class='ocrx_word' id='word_1_502' title='bbox 1259 1901 1385 1932; x_wconf 90' lang='lat' dir='ltr'>Libanii</span> <span class='ocrx_word' id='word_1_503' title='bbox 1401 1900 1545 1944; x_wconf 87' lang='lat' dir='ltr'>Epistoll.</span> <span class='ocrx_word' id='word_1_504' title='bbox 1564 1901 1615 1941; x_wconf 89' lang='lat'>96.</span> <span class='ocrx_word' id='word_1_505' title='bbox 1639 1900 1707 1939; x_wconf 89' lang='lat' dir='ltr'>(ubi</span> <span class='ocrx_word' id='word_1_506' title='bbox 1731 1900 1794 1930; x_wconf 78' lang='lat' dir='ltr'>vid.</span> <span class='ocrx_word' id='word_1_507' title='bbox 1813 1901 1840 1931; x_wconf 96' lang='lat' dir='ltr'>I.</span> <span class='ocrx_word' id='word_1_508' title='bbox 1861 1901 1937 1931; x_wconf 83' lang='lat' dir='ltr'>Chr.</span> 
     </span>
     <span class='ocr_line' id='line_1_71' title="bbox 1093 1952 1940 1995; baseline -0.001 -12"><span class='ocrx_word' id='word_1_509' title='bbox 1093 1953 1192 1983; x_wconf 89' lang='lat' dir='ltr'>Wolf.</span> <span class='ocrx_word' id='word_1_510' title='bbox 1210 1965 1239 1995; x_wconf 89' lang='lat' dir='ltr'>p.</span> <span class='ocrx_word' id='word_1_511' title='bbox 1253 1954 1320 1994; x_wconf 83' lang='lat'>51.)</span> <span class='ocrx_word' id='word_1_512' title='bbox 1337 1964 1370 1994; x_wconf 90' lang='lat' dir='ltr'>p.</span> <span class='ocrx_word' id='word_1_513' title='bbox 1383 1953 1434 1992; x_wconf 82' lang='lat'>78.</span> <span class='ocrx_word' id='word_1_514' title='bbox 1452 1964 1495 1994; x_wconf 85' lang='lat' dir='ltr'>sq.</span> <span class='ocrx_word' id='word_1_515' title='bbox 1520 1960 1550 1983; x_wconf 87' lang='lat' dir='ltr'>et</span> <span class='ocrx_word' id='word_1_516' title='bbox 1573 1952 1696 1994; x_wconf 79' lang='lat' dir='ltr'>saepius.</span> <span class='ocrx_word' id='word_1_517' title='bbox 1742 1952 1897 1982; x_wconf 88' lang='lat' dir='ltr'>Nimirum</span> <span class='ocrx_word' id='word_1_518' title='bbox 1922 1964 1940 1982; x_wconf 86' lang='lat' dir='ltr'>a</span> 
     </span>
    </p>
   </div>
   <div class='ocr_carea' id='block_1_18' title="bbox 185 2001 1936 2043">
    <p class='ocr_par' dir='ltr' id='par_1_19' title="bbox 185 2001 1936 2043">
     <span class='ocr_line' id='line_1_72' title="bbox 185 2001 1936 2043; baseline -0.001 -8"><span class='ocrx_word' id='word_1_519' title='bbox 185 2015 255 2035; x_wconf 89' lang='lat' dir='ltr'>nam</span> <span class='ocrx_word' id='word_1_520' title='bbox 279 2003 394 2034; x_wconf 90' lang='lat' dir='ltr'>Amelii</span> <span class='ocrx_word' id='word_1_521' title='bbox 417 2002 568 2033; x_wconf 84' lang='lat' dir='ltr'>sententia</span> <span class='ocrx_word' id='word_1_522' title='bbox 589 2002 694 2039; x_wconf 88' lang='lat' dir='ltr'>fuerit,</span> <span class='ocrx_word' id='word_1_523' title='bbox 715 2013 784 2033; x_wconf 92' lang='lat' dir='ltr'>cum</span> <span class='ocrx_word' id='word_1_524' title='bbox 809 2001 974 2032; x_wconf 87' lang='lat' dir='ltr'>Amerium</span> <span class='ocrx_word' id='word_1_525' title='bbox 999 2014 1030 2032; x_wconf 89' lang='lat' dir='ltr'>se</span> <span class='ocrx_word' id='word_1_526' title='bbox 1051 2005 1073 2032; x_wconf 90' lang='lat' dir='ltr'><strong>F</strong></span> <span class='ocrx_word' id='word_1_527' title='bbox 1091 2004 1201 2043; x_wconf 86' lang='grc' dir='ltr'>μικρὸς,</span> <span class='ocrx_word' id='word_1_528' title='bbox 1217 2004 1316 2043; x_wconf 83' lang='grc' dir='ltr'>μικκὸς</span> <span class='ocrx_word' id='word_1_529' title='bbox 1336 2003 1496 2034; x_wconf 83' lang='lat' dir='ltr'>fluxerunt</span> <span class='ocrx_word' id='word_1_530' title='bbox 1511 2004 1604 2034; x_wconf 72' lang='lat' dir='ltr'>variae</span> <span class='ocrx_word' id='word_1_531' title='bbox 1625 2004 1733 2034; x_wconf 84' lang='lat' dir='ltr'>formae</span> <span class='ocrx_word' id='word_1_532' title='bbox 1757 2003 1915 2033; x_wconf 88' lang='lat' dir='ltr'>nominum</span> <span class='ocrx_word' id='word_1_533' title='bbox 1932 2016 1936 2033; x_wconf 92' lang='lat'>:</span> 
     </span>
    </p>
   </div>
   <div class='ocr_carea' id='block_1_19' title="bbox 185 2052 1030 2342">
    <p class='ocr_par' dir='ltr' id='par_1_20' title="bbox 185 2052 1030 2342">
     <span class='ocr_line' id='line_1_73' title="bbox 185 2052 1028 2086; baseline -0.004 0"><span class='ocrx_word' id='word_1_534' title='bbox 185 2054 244 2086; x_wconf 89' lang='lat' dir='ltr'>dici</span> <span class='ocrx_word' id='word_1_535' title='bbox 260 2054 371 2085; x_wconf 90' lang='lat' dir='ltr'>mallet.</span> <span class='ocrx_word' id='word_1_536' title='bbox 397 2054 558 2085; x_wconf 80' lang='lat' dir='ltr'>Fabricius</span> <span class='ocrx_word' id='word_1_537' title='bbox 573 2054 604 2084; x_wconf 92' lang='lat' dir='ltr'>in</span> <span class='ocrx_word' id='word_1_538' title='bbox 620 2054 699 2084; x_wconf 91' lang='lat' dir='ltr'>notis</span> <span class='ocrx_word' id='word_1_539' title='bbox 714 2053 754 2084; x_wconf 89' lang='lat' dir='ltr'>ad</span> <span class='ocrx_word' id='word_1_540' title='bbox 771 2061 910 2084; x_wconf 90' lang='lat' dir='ltr'>nostrum</span> <span class='ocrx_word' id='word_1_541' title='bbox 926 2052 1028 2083; x_wconf 89' lang='lat' dir='ltr'>locum</span> 
     </span>
     <span class='ocr_line' id='line_1_74' title="bbox 185 2105 1030 2147; baseline 0 -10"><span class='ocrx_word' id='word_1_542' title='bbox 185 2107 243 2137; x_wconf 88' lang='lat' dir='ltr'>ita:</span> <span class='ocrx_word' id='word_1_543' title='bbox 270 2105 442 2136; x_wconf 85' lang='lat' dir='ltr'>“Amelius</span> <span class='ocrx_word' id='word_1_544' title='bbox 464 2105 580 2147; x_wconf 79' lang='lat' dir='ltr'>refugit</span> <span class='ocrx_word' id='word_1_545' title='bbox 602 2116 713 2136; x_wconf 90' lang='lat' dir='ltr'>nomen</span> <span class='ocrx_word' id='word_1_546' title='bbox 738 2105 794 2136; x_wconf 83' lang='grc' dir='ltr'>ἀπὸ</span> <span class='ocrx_word' id='word_1_547' title='bbox 818 2107 867 2143; x_wconf 83' lang='grc' dir='ltr'>τῆς</span> <span class='ocrx_word' id='word_1_548' title='bbox 891 2106 1030 2143; x_wconf 82' lang='grc' dir='ltr'>ἀμελείας</span> 
     </span>
     <span class='ocr_line' id='line_1_75' title="bbox 185 2155 1029 2198; baseline -0.001 -10"><span class='ocrx_word' id='word_1_549' title='bbox 185 2158 247 2188; x_wconf 90' lang='lat' dir='ltr'>sive</span> <span class='ocrx_word' id='word_1_550' title='bbox 263 2155 450 2198; x_wconf 83' lang='lat' dir='ltr'>negligentia</span> <span class='ocrx_word' id='word_1_551' title='bbox 465 2155 606 2194; x_wconf 89' lang='lat' dir='ltr'>ductum,</span> <span class='ocrx_word' id='word_1_552' title='bbox 620 2163 650 2187; x_wconf 91' lang='lat' dir='ltr'>et</span> <span class='ocrx_word' id='word_1_553' title='bbox 663 2156 720 2186; x_wconf 83' lang='grc' dir='ltr'>ἀπὸ</span> <span class='ocrx_word' id='word_1_554' title='bbox 736 2158 785 2194; x_wconf 85' lang='grc' dir='ltr'>τῆς</span> <span class='ocrx_word' id='word_1_555' title='bbox 801 2157 920 2196; x_wconf 81' lang='grc' dir='ltr'>ἁμερίας</span> <span class='ocrx_word' id='word_1_556' title='bbox 935 2164 1029 2198; x_wconf 88' lang='lat' dir='ltr'>atque</span> 
     </span>
     <span class='ocr_line' id='line_1_76' title="bbox 185 2207 704 2250; baseline -0.006 -10"><span class='ocrx_word' id='word_1_557' title='bbox 185 2207 359 2250; x_wconf 81' lang='lat' dir='ltr'>integritate</span> <span class='ocrx_word' id='word_1_558' title='bbox 387 2207 535 2249; x_wconf 85' lang='lat' dir='ltr'>appellari</span> <span class='ocrx_word' id='word_1_559' title='bbox 565 2207 704 2238; x_wconf 81' lang='lat' dir='ltr'>maluit.”</span> 
     </span>
     <span class='ocr_line' id='line_1_77' title="bbox 186 2257 1027 2301; baseline -0.001 -10"><span class='ocrx_word' id='word_1_560' title='bbox 186 2259 376 2292; x_wconf 82' lang='lat' dir='ltr'>Platonicam</span> <span class='ocrx_word' id='word_1_561' title='bbox 397 2257 457 2287; x_wconf 90' lang='lat' dir='ltr'>vim</span> <span class='ocrx_word' id='word_1_562' title='bbox 478 2260 528 2296; x_wconf 84' lang='grc' dir='ltr'>τῆς</span> <span class='ocrx_word' id='word_1_563' title='bbox 550 2259 670 2298; x_wconf 84' lang='grc' dir='ltr'>ἀμερίας</span> <span class='ocrx_word' id='word_1_564' title='bbox 692 2259 838 2301; x_wconf 78' lang='lat' dir='ltr'>cogitavit</span> <span class='ocrx_word' id='word_1_565' title='bbox 854 2259 900 2290; x_wconf 90' lang='lat' dir='ltr'>vir</span> <span class='ocrx_word' id='word_1_566' title='bbox 915 2259 1027 2290; x_wconf 82' lang='lat' dir='ltr'>doctis-</span> 
     </span>
     <span class='ocr_line' id='line_1_78' title="bbox 340 2308 1027 2342; baseline 0.004 -4"><span class='ocrx_word' id='word_1_567' title='bbox 340 2308 495 2339; x_wconf 89' lang='lat' dir='ltr'>Nimirum</span> <span class='ocrx_word' id='word_1_568' title='bbox 523 2321 561 2339; x_wconf 87' lang='lat' dir='ltr'>ex</span> <span class='ocrx_word' id='word_1_569' title='bbox 588 2309 655 2340; x_wconf 87' lang='lat' dir='ltr'>loco</span> <span class='ocrx_word' id='word_1_570' title='bbox 679 2309 817 2341; x_wconf 86' lang='lat' dir='ltr'>Platonis</span> <span class='ocrx_word' id='word_1_571' title='bbox 844 2310 874 2341; x_wconf 92' lang='lat' dir='ltr'>in</span> <span class='ocrx_word' id='word_1_572' title='bbox 904 2311 1027 2342; x_wconf 80' lang='lat' dir='ltr'>Timaeo</span> 
     </span>
    </p>
   </div>
   <div class='ocr_carea' id='block_1_20' title="bbox 752 2208 1028 2250">
    <p class='ocr_par' dir='ltr' id='par_1_21' title="bbox 752 2208 1028 2250">
     <span class='ocr_line' id='line_1_79' title="bbox 752 2208 1028 2250; baseline 0.004 -13"><span class='ocrx_word' id='word_1_573' title='bbox 752 2208 848 2245; x_wconf 82' lang='lat' dir='ltr'>Bene,</span> <span class='ocrx_word' id='word_1_574' title='bbox 876 2208 1028 2250; x_wconf 88' lang='lat' dir='ltr'>siquidem</span> 
     </span>
    </p>
   </div>
   <div class='ocr_carea' id='block_1_21' title="bbox 184 2312 290 2343">
    <p class='ocr_par' dir='ltr' id='par_1_22' title="bbox 184 2312 290 2343">
     <span class='ocr_line' id='line_1_80' title="bbox 184 2312 290 2343; baseline -0.028 0"><span class='ocrx_word' id='word_1_575' title='bbox 184 2312 290 2343; x_wconf 88' lang='lat' dir='ltr'>simus.</span> 
     </span>
    </p>
   </div>
   <div class='ocr_carea' id='block_1_22' title="bbox 1090 2055 1938 2354">
    <p class='ocr_par' dir='ltr' id='par_1_23' title="bbox 1090 2055 1938 2354">
     <span class='ocr_line' id='line_1_81' title="bbox 1092 2055 1937 2093; baseline -0.002 -7"><span class='ocrx_word' id='word_1_576' title='bbox 1092 2056 1202 2091; x_wconf 83' lang='grc' dir='ltr'>Μίκκα,</span> <span class='ocrx_word' id='word_1_577' title='bbox 1229 2056 1349 2093; x_wconf 80' lang='grc' dir='ltr'>Μικίνη,</span> <span class='ocrx_word' id='word_1_578' title='bbox 1372 2056 1497 2091; x_wconf 72' lang='grc' dir='ltr'>Μικίων,</span> <span class='ocrx_word' id='word_1_579' title='bbox 1521 2055 1672 2093; x_wconf 84' lang='grc' dir='ltr'>Μικιάδης,</span> <span class='ocrx_word' id='word_1_580' title='bbox 1696 2055 1856 2090; x_wconf 82' lang='grc' dir='ltr'>Μικκύλος,</span> <span class='ocrx_word' id='word_1_581' title='bbox 1880 2055 1937 2084; x_wconf 86' lang='grc' dir='ltr'>Μί-</span> 
     </span>
     <span class='ocr_line' id='line_1_82' title="bbox 1092 2106 1936 2142; baseline -0.004 -4"><span class='ocrx_word' id='word_1_582' title='bbox 1092 2111 1209 2142; x_wconf 79' lang='grc' dir='ltr'>κυλλος,</span> <span class='ocrx_word' id='word_1_583' title='bbox 1227 2108 1367 2142; x_wconf 79' lang='grc' dir='ltr'>Μίκυθος,</span> <span class='ocrx_word' id='word_1_584' title='bbox 1386 2107 1520 2142; x_wconf 83' lang='grc' dir='ltr'>Μίκινος,</span> <span class='ocrx_word' id='word_1_585' title='bbox 1539 2108 1692 2138; x_wconf 85' lang='grc' dir='ltr'>Μίκκαλος</span> <span class='ocrx_word' id='word_1_586' title='bbox 1707 2113 1737 2136; x_wconf 87' lang='lat' dir='ltr'>et</span> <span class='ocrx_word' id='word_1_587' title='bbox 1754 2106 1936 2136; x_wconf 79' lang='grc' dir='ltr'>Μικκαλίων.</span> 
     </span>
     <span class='ocr_line' id='line_1_83' title="bbox 1091 2156 1938 2195; baseline -0.004 -6"><span class='ocrx_word' id='word_1_588' title='bbox 1091 2158 1162 2189; x_wconf 88' lang='lat' dir='ltr'>Vid.</span> <span class='ocrx_word' id='word_1_589' title='bbox 1188 2157 1385 2189; x_wconf 87' lang='lat' dir='ltr'>Valckenaer.</span> <span class='ocrx_word' id='word_1_590' title='bbox 1410 2158 1448 2188; x_wconf 90' lang='lat' dir='ltr'>ad</span> <span class='ocrx_word' id='word_1_591' title='bbox 1475 2157 1635 2189; x_wconf 88' lang='lat' dir='ltr'>Theocrit.</span> <span class='ocrx_word' id='word_1_592' title='bbox 1661 2156 1816 2187; x_wconf 82' lang='lat' dir='ltr'>Adoniaz.</span> <span class='ocrx_word' id='word_1_593' title='bbox 1840 2168 1870 2187; x_wconf 81' lang='lat' dir='ltr'>v.</span> <span class='ocrx_word' id='word_1_594' title='bbox 1886 2167 1938 2195; x_wconf 74' lang='lat'>42.</span> 
     </span>
     <span class='ocr_line' id='line_1_84' title="bbox 1091 2208 1936 2252; baseline -0.004 -12"><span class='ocrx_word' id='word_1_595' title='bbox 1091 2222 1120 2252; x_wconf 88' lang='lat' dir='ltr'>p.</span> <span class='ocrx_word' id='word_1_596' title='bbox 1137 2210 1212 2252; x_wconf 83' lang='lat'>348.</span> <span class='ocrx_word' id='word_1_597' title='bbox 1228 2221 1294 2251; x_wconf 88' lang='lat' dir='ltr'>sqq.</span> <span class='ocrx_word' id='word_1_598' title='bbox 1332 2209 1458 2240; x_wconf 86' lang='lat' dir='ltr'>Jacobs.</span> <span class='ocrx_word' id='word_1_599' title='bbox 1483 2209 1522 2239; x_wconf 90' lang='lat' dir='ltr'>ad</span> <span class='ocrx_word' id='word_1_600' title='bbox 1541 2208 1713 2250; x_wconf 82' lang='lat' dir='ltr'>Antholog.</span> <span class='ocrx_word' id='word_1_601' title='bbox 1731 2208 1789 2238; x_wconf 88' lang='lat' dir='ltr'>Gr.</span> <span class='ocrx_word' id='word_1_602' title='bbox 1808 2208 1835 2238; x_wconf 90' lang='grc' dir='ltr'><strong>Ι.</strong></span> <span class='ocrx_word' id='word_1_603' title='bbox 1854 2216 1880 2238; x_wconf 78' lang='lat'>2.</span> <span class='ocrx_word' id='word_1_604' title='bbox 1906 2219 1936 2248; x_wconf 91' lang='lat' dir='ltr'>p.</span> 
     </span>
     <span class='ocr_line' id='line_1_85' title="bbox 1092 2258 1936 2303; baseline -0.005 -12"><span class='ocrx_word' id='word_1_605' title='bbox 1092 2271 1140 2302; x_wconf 78' lang='lat'>79.</span> <span class='ocrx_word' id='word_1_606' title='bbox 1158 2273 1201 2303; x_wconf 87' lang='lat' dir='ltr'>sq.</span> <span class='ocrx_word' id='word_1_607' title='bbox 1219 2269 1249 2292; x_wconf 88' lang='lat' dir='ltr'>et</span> <span class='ocrx_word' id='word_1_608' title='bbox 1267 2261 1400 2303; x_wconf 85' lang='lat' dir='ltr'>Gregor.</span> <span class='ocrx_word' id='word_1_609' title='bbox 1419 2260 1559 2291; x_wconf 87' lang='lat' dir='ltr'>Corinth.</span> <span class='ocrx_word' id='word_1_610' title='bbox 1576 2272 1608 2301; x_wconf 92' lang='lat' dir='ltr'>p.</span> <span class='ocrx_word' id='word_1_611' title='bbox 1627 2261 1698 2291; x_wconf 70' lang='lat'>281.</span> <span class='ocrx_word' id='word_1_612' title='bbox 1723 2258 1771 2289; x_wconf 87' lang='lat' dir='ltr'>ed.</span> <span class='ocrx_word' id='word_1_613' title='bbox 1791 2258 1936 2288; x_wconf 71' lang='lat' dir='ltr'>Schaefcr.</span> 
     </span>
     <span class='ocr_line' id='line_1_86' title="bbox 1090 2309 1938 2354; baseline 0.002 -11"><span class='ocrx_word' id='word_1_614' title='bbox 1090 2324 1160 2343; x_wconf 89' lang='lat' dir='ltr'>cum</span> <span class='ocrx_word' id='word_1_615' title='bbox 1184 2312 1328 2354; x_wconf 90' lang='lat' dir='ltr'>interprr.</span> <span class='ocrx_word' id='word_1_616' title='bbox 1352 2319 1383 2342; x_wconf 90' lang='lat' dir='ltr'>et</span> <span class='ocrx_word' id='word_1_617' title='bbox 1405 2311 1444 2342; x_wconf 88' lang='lat' dir='ltr'>de</span> <span class='ocrx_word' id='word_1_618' title='bbox 1470 2311 1646 2342; x_wconf 85' lang='lat' dir='ltr'>nominibus</span> <span class='ocrx_word' id='word_1_619' title='bbox 1670 2311 1700 2342; x_wconf 92' lang='lat' dir='ltr'>in</span> <span class='ocrx_word' id='word_1_620' title='bbox 1727 2309 1790 2345; x_wconf 60' lang='lat' dir='ltr'>iffi</span> <span class='ocrx_word' id='word_1_621' title='bbox 1813 2319 1842 2343; x_wconf 90' lang='lat' dir='ltr'>et</span> <span class='ocrx_word' id='word_1_622' title='bbox 1867 2313 1938 2347; x_wconf 61' lang='grc' dir='ltr'>ύλῖς</span> 
     </span>
    </p>
   </div>
   <div class='ocr_carea' id='block_1_23' title="bbox 184 2359 1935 2407">
    <p class='ocr_par' dir='ltr' id='par_1_24' title="bbox 184 2359 1935 2407">
     <span class='ocr_line' id='line_1_87' title="bbox 184 2359 1935 2407; baseline 0.003 -16"><span class='ocrx_word' id='word_1_623' title='bbox 184 2376 216 2407; x_wconf 79' lang='lat' dir='ltr'>p.</span> <span class='ocrx_word' id='word_1_624' title='bbox 233 2372 285 2404; x_wconf 86' lang='lat'>35.</span> <span class='ocrx_word' id='word_1_625' title='bbox 299 2373 325 2391; x_wconf 92' lang='lat' dir='ltr'>a.</span> <span class='ocrx_word' id='word_1_626' title='bbox 343 2371 373 2402; x_wconf 90' lang='lat' dir='ltr'>p.</span> <span class='ocrx_word' id='word_1_627' title='bbox 385 2368 436 2400; x_wconf 83' lang='lat'>32.</span> <span class='ocrx_word' id='word_1_628' title='bbox 455 2359 553 2390; x_wconf 83' lang='lat' dir='ltr'>Bekk.</span> <span class='ocrx_word' id='word_1_629' title='bbox 569 2360 607 2390; x_wconf 91' lang='lat' dir='ltr'>de</span> <span class='ocrx_word' id='word_1_630' title='bbox 623 2362 768 2403; x_wconf 80' lang='grc' dir='ltr'>ἀμερίστῳ</span> <span class='ocrx_word' id='word_1_631' title='bbox 783 2369 814 2393; x_wconf 88' lang='lat' dir='ltr'>et</span> <span class='ocrx_word' id='word_1_632' title='bbox 835 2365 957 2402; x_wconf 80' lang='grc' dir='ltr'>μεριστῇ</span> <span class='ocrx_word' id='word_1_633' title='bbox 976 2364 1024 2394; x_wconf 83' lang='grc' dir='ltr'>οὐ-</span> <span class='ocrx_word' id='word_1_634' title='bbox 1045 2368 1072 2396; x_wconf 90' lang='lat' dir='ltr'>G</span> <span class='ocrx_word' id='word_1_635' title='bbox 1092 2365 1224 2394; x_wconf 73' lang='lat' dir='ltr'>Passow.</span> <span class='ocrx_word' id='word_1_636' title='bbox 1240 2363 1280 2394; x_wconf 85' lang='lat' dir='ltr'>ad</span> <span class='ocrx_word' id='word_1_637' title='bbox 1297 2362 1446 2394; x_wconf 85' lang='lat' dir='ltr'>Parthen.</span> <span class='ocrx_word' id='word_1_638' title='bbox 1464 2375 1492 2405; x_wconf 91' lang='lat' dir='ltr'>p.</span> <span class='ocrx_word' id='word_1_639' title='bbox 1505 2373 1558 2403; x_wconf 82' lang='lat'>51.</span> <span class='ocrx_word' id='word_1_640' title='bbox 1575 2362 1623 2393; x_wconf 88' lang='lat' dir='ltr'>ed.</span> <span class='ocrx_word' id='word_1_641' title='bbox 1639 2363 1728 2405; x_wconf 90' lang='lat' dir='ltr'>Lips.</span> <span class='ocrx_word' id='word_1_642' title='bbox 1770 2378 1935 2404; x_wconf 84' lang='grc' dir='ltr'>παρακουσ-</span> 
     </span>
    </p>
   </div>
   <div class='ocr_carea' id='block_1_24' title="bbox 184 2410 1028 2755">
    <p class='ocr_par' dir='ltr' id='par_1_25' title="bbox 185 2410 1026 2456">
     <span class='ocr_line' id='line_1_88' title="bbox 185 2410 1026 2456; baseline 0.002 -13"><span class='ocrx_word' id='word_1_643' title='bbox 185 2417 235 2456; x_wconf 69' lang='grc' dir='ltr'>σίᾳ</span> <span class='ocrx_word' id='word_1_644' title='bbox 266 2410 416 2443; x_wconf 81' lang='lat' dir='ltr'>Platonici</span> <span class='ocrx_word' id='word_1_645' title='bbox 450 2410 625 2452; x_wconf 88' lang='lat' dir='ltr'>philosophi</span> <span class='ocrx_word' id='word_1_646' title='bbox 658 2412 811 2454; x_wconf 76' lang='lat' dir='ltr'>copiosam</span> <span class='ocrx_word' id='word_1_647' title='bbox 846 2414 1026 2456; x_wconf 88' lang='lat' dir='ltr'>disputandi</span> 
     </span>
    </p>

    <p class='ocr_par' dir='ltr' id='par_1_26' title="bbox 586 2462 1027 2506">
     <span class='ocr_line' id='line_1_89' title="bbox 586 2462 1027 2506; baseline 0.009 -13"><span class='ocrx_word' id='word_1_648' title='bbox 586 2462 655 2493; x_wconf 91' lang='lat' dir='ltr'>Vid.</span> <span class='ocrx_word' id='word_1_649' title='bbox 687 2463 802 2494; x_wconf 88' lang='lat' dir='ltr'>Plotin.</span> <span class='ocrx_word' id='word_1_650' title='bbox 833 2476 865 2506; x_wconf 90' lang='lat' dir='ltr'>p.</span> <span class='ocrx_word' id='word_1_651' title='bbox 889 2466 963 2506; x_wconf 79' lang='lat'>364.</span> <span class='ocrx_word' id='word_1_652' title='bbox 986 2467 1027 2497; x_wconf 91' lang='lat' dir='ltr'>D.</span> 
     </span>
    </p>

    <p class='ocr_par' dir='ltr' id='par_1_27' title="bbox 185 2513 1028 2561">
     <span class='ocr_line' id='line_1_90' title="bbox 185 2513 1028 2561; baseline 0.002 -15"><span class='ocrx_word' id='word_1_653' title='bbox 185 2520 257 2561; x_wconf 83' lang='lat'>385.</span> <span class='ocrx_word' id='word_1_654' title='bbox 271 2528 316 2557; x_wconf 87' lang='lat' dir='ltr'>sq.</span> <span class='ocrx_word' id='word_1_655' title='bbox 333 2521 363 2545; x_wconf 90' lang='lat' dir='ltr'>et</span> <span class='ocrx_word' id='word_1_656' title='bbox 379 2514 502 2556; x_wconf 79' lang='lat' dir='ltr'>passim,</span> <span class='ocrx_word' id='word_1_657' title='bbox 514 2521 543 2544; x_wconf 89' lang='lat' dir='ltr'>et</span> <span class='ocrx_word' id='word_1_658' title='bbox 558 2513 598 2543; x_wconf 85' lang='lat' dir='ltr'>cf.</span> <span class='ocrx_word' id='word_1_659' title='bbox 613 2514 753 2544; x_wconf 89' lang='lat' dir='ltr'>Proclum</span> <span class='ocrx_word' id='word_1_660' title='bbox 769 2514 800 2545; x_wconf 89' lang='lat' dir='ltr'>in</span> <span class='ocrx_word' id='word_1_661' title='bbox 814 2515 897 2547; x_wconf 87' lang='lat' dir='ltr'>Tim.</span> <span class='ocrx_word' id='word_1_662' title='bbox 914 2528 943 2558; x_wconf 89' lang='lat' dir='ltr'>p.</span> <span class='ocrx_word' id='word_1_663' title='bbox 958 2517 1028 2556; x_wconf 84' lang='lat'>187.</span> 
     </span>
    </p>

    <p class='ocr_par' dir='ltr' id='par_1_28' title="bbox 184 2564 1027 2611">
     <span class='ocr_line' id='line_1_91' title="bbox 184 2564 1027 2611; baseline -0.001 -11"><span class='ocrx_word' id='word_1_664' title='bbox 184 2569 274 2611; x_wconf 81' lang='lat' dir='ltr'>cujus</span> <span class='ocrx_word' id='word_1_665' title='bbox 304 2576 455 2597; x_wconf 84' lang='lat' dir='ltr'>summam</span> <span class='ocrx_word' id='word_1_666' title='bbox 485 2564 530 2595; x_wconf 84' lang='lat' dir='ltr'>his</span> <span class='ocrx_word' id='word_1_667' title='bbox 556 2564 663 2606; x_wconf 82' lang='lat' dir='ltr'>paucis</span> <span class='ocrx_word' id='word_1_668' title='bbox 688 2565 789 2595; x_wconf 85' lang='lat' dir='ltr'>verbis</span> <span class='ocrx_word' id='word_1_669' title='bbox 815 2566 918 2597; x_wconf 86' lang='lat' dir='ltr'>Procli</span> <span class='ocrx_word' id='word_1_670' title='bbox 948 2568 1027 2599; x_wconf 88' lang='lat' dir='ltr'>Inst.</span> 
     </span>
    </p>

    <p class='ocr_par' dir='ltr' id='par_1_29' title="bbox 187 2615 1027 2659">
     <span class='ocr_line' id='line_1_92' title="bbox 187 2615 1027 2659; baseline -0.006 -9"><span class='ocrx_word' id='word_1_671' title='bbox 187 2618 299 2651; x_wconf 84' lang='lat' dir='ltr'>Theol.</span> <span class='ocrx_word' id='word_1_672' title='bbox 316 2628 347 2659; x_wconf 90' lang='lat' dir='ltr'>p.</span> <span class='ocrx_word' id='word_1_673' title='bbox 366 2625 433 2657; x_wconf 78' lang='lat'>130.</span> <span class='ocrx_word' id='word_1_674' title='bbox 451 2615 620 2646; x_wconf 82' lang='lat' dir='ltr'>exhibebo:</span> <span class='ocrx_word' id='word_1_675' title='bbox 647 2619 668 2633; x_wconf 76' lang='lat'>‘⁶</span> <span class='ocrx_word' id='word_1_676' title='bbox 682 2616 763 2646; x_wconf 87' lang='lat' dir='ltr'>Nam</span> <span class='ocrx_word' id='word_1_677' title='bbox 785 2617 909 2658; x_wconf 87' lang='lat' dir='ltr'>partitio</span> <span class='ocrx_word' id='word_1_678' title='bbox 931 2620 961 2657; x_wconf 91' lang='grc' dir='ltr'>(ὁ</span> <span class='ocrx_word' id='word_1_679' title='bbox 977 2632 1027 2657; x_wconf 75' lang='grc' dir='ltr'>με-</span> 
     </span>
    </p>

    <p class='ocr_par' dir='ltr' id='par_1_30' title="bbox 186 2666 1027 2755">
     <span class='ocr_line' id='line_1_93' title="bbox 186 2666 1027 2711; baseline 0.004 -13"><span class='ocrx_word' id='word_1_680' title='bbox 186 2670 303 2711; x_wconf 67' lang='grc' dir='ltr'>ρισμὸς)</span> <span class='ocrx_word' id='word_1_681' title='bbox 321 2667 449 2709; x_wconf 85' lang='lat' dir='ltr'>dissipat</span> <span class='ocrx_word' id='word_1_682' title='bbox 464 2674 494 2697; x_wconf 81' lang='lat' dir='ltr'>et</span> <span class='ocrx_word' id='word_1_683' title='bbox 510 2666 649 2697; x_wconf 86' lang='lat' dir='ltr'>dissolvit</span> <span class='ocrx_word' id='word_1_684' title='bbox 663 2667 815 2709; x_wconf 83' lang='lat' dir='ltr'>cujusque</span> <span class='ocrx_word' id='word_1_685' title='bbox 831 2668 904 2700; x_wconf 85' lang='lat' dir='ltr'>vim.</span> <span class='ocrx_word' id='word_1_686' title='bbox 951 2671 1027 2701; x_wconf 88' lang='lat' dir='ltr'>Par-</span> 
     </span>
     <span class='ocr_line' id='line_1_94' title="bbox 237 2730 375 2755; baseline 0 -2"><span class='ocrx_word' id='word_1_687' title='bbox 237 2730 329 2755; x_wconf 70' lang='lat' dir='ltr'>VOI..</span> <span class='ocrx_word' id='word_1_688' title='bbox 351 2730 375 2754; x_wconf 93' lang='grc' dir='ltr'><strong>Ῑ.</strong></span> 
     </span>
    </p>
   </div>
   <div class='ocr_carea' id='block_1_25' title="bbox 184 2462 540 2498">
    <p class='ocr_par' dir='ltr' id='par_1_31' title="bbox 184 2462 540 2498">
     <span class='ocr_line' id='line_1_95' title="bbox 184 2462 540 2498; baseline -0.017 0"><span class='ocrx_word' id='word_1_689' title='bbox 184 2465 342 2498; x_wconf 83' lang='lat' dir='ltr'>materiam</span> <span class='ocrx_word' id='word_1_690' title='bbox 372 2462 540 2493; x_wconf 85' lang='lat' dir='ltr'>duxerunt.</span> 
     </span>
    </p>
   </div>
   <div class='ocr_carea' id='block_1_26' title="bbox 1089 2414 1937 2712">
    <p class='ocr_par' dir='ltr' id='par_1_32' title="bbox 1089 2414 1937 2712">
     <span class='ocr_line' id='line_1_96' title="bbox 1089 2414 1936 2454; baseline 0.002 -9"><span class='ocrx_word' id='word_1_691' title='bbox 1089 2415 1188 2454; x_wconf 83' lang='grc' dir='ltr'>μάτων</span> <span class='ocrx_word' id='word_1_692' title='bbox 1202 2414 1299 2454; x_wconf 87' lang='grc' dir='ltr'>πλήρη</span> <span class='ocrx_word' id='word_1_693' title='bbox 1314 2415 1470 2454; x_wconf 82' lang='grc' dir='ltr'>γεγονότα.</span> <span class='ocrx_word' id='word_1_694' title='bbox 1517 2414 1643 2444; x_wconf 82' lang='lat' dir='ltr'>Resinxi</span> <span class='ocrx_word' id='word_1_695' title='bbox 1659 2415 1698 2445; x_wconf 92' lang='lat' dir='ltr'>ad</span> <span class='ocrx_word' id='word_1_696' title='bbox 1715 2415 1809 2447; x_wconf 90' lang='lat' dir='ltr'>Gellii</span> <span class='ocrx_word' id='word_1_697' title='bbox 1828 2417 1936 2448; x_wconf 88' lang='lat' dir='ltr'>modu-</span> 
     </span>
     <span class='ocr_line' id='line_1_97' title="bbox 1090 2465 1933 2509; baseline 0 -12"><span class='ocrx_word' id='word_1_698' title='bbox 1090 2467 1154 2498; x_wconf 88' lang='lat' dir='ltr'>lum</span> <span class='ocrx_word' id='word_1_699' title='bbox 1178 2466 1348 2497; x_wconf 84' lang='lat' dir='ltr'>versionem</span> <span class='ocrx_word' id='word_1_700' title='bbox 1373 2465 1483 2503; x_wconf 83' lang='lat' dir='ltr'>Ficiui,</span> <span class='ocrx_word' id='word_1_701' title='bbox 1507 2465 1560 2507; x_wconf 90' lang='lat' dir='ltr'>qui</span> <span class='ocrx_word' id='word_1_702' title='bbox 1584 2465 1732 2496; x_wconf 83' lang='lat' dir='ltr'>dederat:</span> <span class='ocrx_word' id='word_1_703' title='bbox 1760 2471 1780 2485; x_wconf 77' lang='lat'>‘⁶</span> <span class='ocrx_word' id='word_1_704' title='bbox 1796 2468 1933 2509; x_wconf 68' lang='lat' dir='ltr'>discipli-</span> 
     </span>
     <span class='ocr_line' id='line_1_98' title="bbox 1090 2517 1937 2559; baseline 0 -11"><span class='ocrx_word' id='word_1_705' title='bbox 1090 2529 1205 2548; x_wconf 75' lang='lat' dir='ltr'>narum</span> <span class='ocrx_word' id='word_1_706' title='bbox 1231 2522 1270 2555; x_wconf 79' lang='lat' dir='ltr'>et,</span> <span class='ocrx_word' id='word_1_707' title='bbox 1293 2522 1329 2548; x_wconf 72' lang='lat' dir='ltr'>ut</span> <span class='ocrx_word' id='word_1_708' title='bbox 1353 2518 1399 2547; x_wconf 69' lang='lat' dir='ltr'>ita</span> <span class='ocrx_word' id='word_1_709' title='bbox 1424 2517 1536 2554; x_wconf 75' lang='lat' dir='ltr'>(licam,</span> <span class='ocrx_word' id='word_1_710' title='bbox 1560 2517 1755 2547; x_wconf 66' lang='lat' dir='ltr'>malitiwzmn</span> <span class='ocrx_word' id='word_1_711' title='bbox 1778 2518 1937 2559; x_wconf 72' lang='lat' dir='ltr'>plcnwn.”</span> 
     </span>
     <span class='ocr_line' id='line_1_99' title="bbox 1092 2568 1933 2610; baseline 0 -10"><span class='ocrx_word' id='word_1_712' title='bbox 1092 2570 1209 2600; x_wconf 83' lang='lat' dir='ltr'>Sumsit</span> <span class='ocrx_word' id='word_1_713' title='bbox 1237 2576 1341 2600; x_wconf 87' lang='lat' dir='ltr'>autem</span> <span class='ocrx_word' id='word_1_714' title='bbox 1370 2568 1535 2599; x_wconf 77' lang='lat' dir='ltr'>formulam</span> <span class='ocrx_word' id='word_1_715' title='bbox 1564 2568 1770 2610; x_wconf 72' lang='lat' dir='ltr'>Porphyrius,</span> <span class='ocrx_word' id='word_1_716' title='bbox 1799 2569 1880 2599; x_wconf 86' lang='lat' dir='ltr'>uude</span> <span class='ocrx_word' id='word_1_717' title='bbox 1906 2578 1933 2600; x_wconf 83' lang='lat' dir='ltr'>ct</span> 
     </span>
     <span class='ocr_line' id='line_1_100' title="bbox 1091 2619 1931 2661; baseline -0.001 -10"><span class='ocrx_word' id='word_1_718' title='bbox 1091 2620 1280 2651; x_wconf 88' lang='lat' dir='ltr'>Plutarchus</span> <span class='ocrx_word' id='word_1_719' title='bbox 1303 2627 1452 2650; x_wconf 85' lang='lat' dir='ltr'>sumserat</span> <span class='ocrx_word' id='word_1_720' title='bbox 1467 2619 1497 2649; x_wconf 89' lang='lat' dir='ltr'>in</span> <span class='ocrx_word' id='word_1_721' title='bbox 1515 2619 1616 2649; x_wconf 91' lang='lat' dir='ltr'>Dione</span> <span class='ocrx_word' id='word_1_722' title='bbox 1631 2630 1660 2660; x_wconf 87' lang='lat' dir='ltr'>p.</span> <span class='ocrx_word' id='word_1_723' title='bbox 1675 2620 1744 2659; x_wconf 80' lang='lat'>965.</span> <span class='ocrx_word' id='word_1_724' title='bbox 1760 2620 1799 2649; x_wconf 92' lang='lat' dir='ltr'>C.</span> <span class='ocrx_word' id='word_1_725' title='bbox 1815 2631 1851 2649; x_wconf 82' lang='lat' dir='ltr'>ex</span> <span class='ocrx_word' id='word_1_726' title='bbox 1869 2621 1931 2661; x_wconf 85' lang='lat' dir='ltr'>epi-</span> 
     </span>
     <span class='ocr_line' id='line_1_101' title="bbox 1091 2670 1931 2712; baseline -0.001 -10"><span class='ocrx_word' id='word_1_727' title='bbox 1091 2671 1168 2702; x_wconf 88' lang='lat' dir='ltr'>stola</span> <span class='ocrx_word' id='word_1_728' title='bbox 1192 2671 1271 2702; x_wconf 93' lang='lat' dir='ltr'>VII.</span> <span class='ocrx_word' id='word_1_729' title='bbox 1298 2682 1370 2712; x_wconf 84' lang='lat' dir='ltr'>quae</span> <span class='ocrx_word' id='word_1_730' title='bbox 1398 2670 1521 2701; x_wconf 87' lang='lat' dir='ltr'>Platoni</span> <span class='ocrx_word' id='word_1_731' title='bbox 1549 2670 1730 2700; x_wconf 83' lang='lat' dir='ltr'>tribuuntur</span> <span class='ocrx_word' id='word_1_732' title='bbox 1756 2681 1784 2711; x_wconf 93' lang='lat' dir='ltr'>p.</span> <span class='ocrx_word' id='word_1_733' title='bbox 1805 2680 1877 2710; x_wconf 77' lang='lat'>340.</span> <span class='ocrx_word' id='word_1_734' title='bbox 1896 2673 1931 2702; x_wconf 80' lang='lat' dir='ltr'>B.</span> 
     </span>
    </p>
   </div>
   <div class='ocr_carea' id='block_1_27' title="bbox 1131 2735 1154 2757">
    <p class='ocr_par' dir='ltr' id='par_1_33' title="bbox 1131 2735 1154 2757">
     <span class='ocr_line' id='line_1_102' title="bbox 1131 2735 1154 2757; baseline 0 0"><span class='ocrx_word' id='word_1_735' title='bbox 1131 2735 1154 2757; x_wconf 89' lang='lat' dir='ltr'>n</span> 
     </span>
    </p>
   </div>
  </div>
 </body>
</html>
