2201 2990
245 149 332 181 xviii
803 146 955 180 MARS.
984 145 1076 180 FIC.
1106 144 1407 179 PROOEMIUM.

247 247 376 286 dentia,
396 247 533 280 volente
553 247 723 285 videlicet,
743 257 862 279 ornnes
881 257 944 289 pro
962 246 1181 290 singulorum
1201 245 1342 289 ingenio
1361 245 1403 277 ad
1428 254 1464 276 se
1483 242 1690 275 mirabiliter
1708 254 1882 284 revocare,
1901 243 1970 277 fac-

248 311 322 338 tum
343 309 405 344 est,
423 309 463 338 ut
482 305 540 348 pia
557 305 718 348 quaedam
748 304 969 348 philosophia
992 304 1168 347 quondam
1194 308 1227 336 et
1255 303 1346 346 apud
1369 302 1493 334 Persas
1520 301 1584 333 sub
1606 300 1801 339 Zoroastre,
1820 305 1854 333 et
1881 302 1972 345 apud

248 362 434 407 :Egyptios
453 362 518 395 sub
537 362 715 395 Mercurio
734 366 944 400 nasceretur,
964 361 1150 404 utrobique
1169 361 1308 394 sibimet
1326 369 1496 393 consona:
1524 359 1720 391 nutriretur
1738 359 1863 392 deinde
1881 360 1974 403 apud

250 420 405 453 Thraces
423 420 488 453 sub
507 420 652 463 Orpheo
670 425 775 462 atque
793 419 1058 464 Aglaophemo:
1087 420 1295 451 adolesceret
1315 429 1453 462 quoque
1473 428 1555 449 mox
1574 416 1639 449 sub
1658 416 1863 461 Pythagora
1882 417 1974 461 apud

248 477 390 511 Graecos
417 482 451 511 et
471 478 589 516 Italos,
609 478 749 510 tandem
770 489 852 510 vero
871 489 889 510 a
909 478 991 510 divo
1010 477 1157 510 Platone
1184 480 1486 509 consummaretur
1504 474 1667 507 Athenis.
1720 473 1831 507 Vetus
1858 480 1974 508 autem

249 535 511 580 Theologorum
531 547 605 568 mos
624 540 709 573 erat,
729 535 848 567 divina
868 535 1035 578 mysteria
1053 546 1130 568 cum
1152 534 1408 568 mathematicis
1428 532 1582 565 numeris
1601 536 1635 564 et
1654 531 1786 575 figuris,
1802 536 1878 564 tum
1898 534 1977 575 poe-

249 594 326 626 ticis
350 593 526 638 figmentis
553 593 737 637 obtegere:
765 604 807 625 ne
836 597 965 625 temere
992 592 1133 625 cuilibet
1160 593 1358 625 communia
1386 591 1510 624 forent.
1566 589 1726 621 Plotinus
1754 590 1893 622 tandem
1923 590 1976 623 his

250 651 481 695 Theologiam
501 651 733 683 velaminibus
759 650 938 689 enudavit,
958 650 1161 693 primusque
1188 655 1222 683 et
1249 651 1353 687 solus,
1373 655 1412 682 ut
1431 648 1651 691 Porphyrius
1671 646 1886 690 Proclusque
1911 654 1978 681 tes-

250 714 381 748 tantur,
401 720 529 741 arcaua
548 714 704 741 veterum
725 708 895 740 divinitus
915 708 1132 750 penetravit:
1160 708 1218 740 sed
1238 708 1282 740 ob
1300 707 1538 740 incredibilem
1557 717 1634 738 cum
1657 705 1843 738 verborum
1866 706 1979 739 brevi-

250 773 369 806 tatem,
393 772 468 799 tum
496 767 748 799 sententiarum
778 766 925 808 copiam,
953 777 1143 809 sensusque
1170 765 1459 808 profunditatem,
1487 775 1555 797 non
1584 764 1813 796 translatione
1840 769 1976 797 tantum

250 826 393 870 linguae,
413 825 470 857 sed
492 825 750 857 commentariis
770 824 914 867 indiget.
965 823 1039 855 Nos
1058 834 1141 867 ergo
1160 823 1194 855 in
1216 823 1405 867 Theologis
1424 822 1661 865 superioribus
1681 822 1774 864 apud
1794 821 1977 855 Platonem

251 889 355 927 atque
376 883 556 915 Plotinum
581 882 804 915 traducendis
831 886 865 914 et
892 882 1120 924 explanandis
1148 880 1415 919 elaboravimus,
1435 886 1474 913 ut
1499 880 1562 912 hac
1582 879 1777 924 Theologia
1804 880 1839 912 in
1867 881 1978 913 lucem

252 942 457 985 prodeunte,
476 945 510 973 et
529 941 642 983 poetae
660 941 821 972 desinant
839 944 937 983 gesta
956 939 1192 981 mysteriaque
1215 939 1354 981 pietatis
1379 938 1484 981 impie
1504 937 1631 970 fabulis
1654 938 1725 969 suis
1748 948 1980 970 annumerare

251 1004 286 1032 et
305 998 529 1042 Peripatetici
549 1009 654 1041 quam
682 998 835 1040 plurimi.
855 997 889 1029 id
908 1001 959 1029 est
980 996 1185 1039 Philosophi
1213 1007 1300 1038 pene
1327 1007 1446 1028 onmes
1474 996 1739 1034 admoneantur,
1758 1007 1827 1028 nou
1846 1007 1919 1029 esse
1938 997 1980 1029 de

251 1057 419 1101 religione
438 1057 558 1088 saltem
580 1056 767 1093 communi,
787 1060 953 1097 tanquam
975 1055 1017 1086 de
1035 1054 1186 1086 anilibus
1205 1053 1333 1085 fabulis
1352 1054 1583 1085 sentiendum.
1629 1052 1741 1085 Totus
1760 1054 1852 1086 enim
1871 1053 1980 1087 ferme

252 1120 424 1147 terrarum
445 1114 538 1146 orbis
557 1125 577 1145 a
598 1113 840 1155 Peripateticis
858 1116 1046 1154 occupatus
1067 1112 1100 1143 in
1121 1111 1207 1143 (luas
1233 1112 1423 1153 plurimum
1452 1116 1561 1143 sectas
1586 1111 1719 1143 divisus
1746 1116 1808 1149 est,
1828 1110 1980 1144 Alexan-

252 1172 389 1204 drinam
408 1178 440 1204 ct
460 1171 700 1203 Averroicam.
756 1170 810 1202 Illi
830 1170 971 1213 quidem
993 1170 1206 1201 intellectum
1232 1173 1390 1200 nostrum
1411 1181 1483 1201 esse
1509 1169 1690 1201 mortalem
1710 1170 1924 1208 existimant,
1944 1170 1978 1202 hi

253 1241 334 1262 vero
353 1230 493 1262 unicum
514 1241 587 1261 esse
606 1229 840 1261 contendunt:
869 1228 1009 1270 utrique
1028 1226 1232 1270 religionem
1258 1237 1395 1258 omnem
1422 1226 1581 1258 funditus
1609 1238 1708 1268 wque
1733 1228 1872 1266 tollunt,
1893 1239 1981 1271 prae-

252 1287 372 1320 sertim
391 1288 473 1330 quia
492 1287 647 1320 divinam
669 1287 758 1319 eirea
782 1285 940 1318 homines
969 1284 1224 1328 providentiam
1254 1295 1381 1328 negare
1408 1285 1583 1321 videntur,
1601 1288 1634 1316 et
1660 1284 1845 1327 utrobique
1872 1296 1893 1317 a
1918 1296 1981 1319 suo

253 1346 357 1378 etiam
378 1345 569 1378 Aristotele
589 1344 764 1377 defecisse.
817 1344 928 1387 Cujus
954 1348 1104 1375 mentem
1134 1342 1236 1375 hodie
1264 1343 1364 1385 pauci
1386 1348 1514 1385 praeter
1532 1342 1715 1374 sublimem
1737 1342 1859 1375 Picum
1880 1343 1982 1376 Com-

252 1403 466 1446 platonicum
498 1408 654 1435 nostrum
684 1414 723 1435 ea
753 1403 890 1445 pietate,
919 1412 989 1444 qua
1017 1400 1284 1443 Theophrastus
1316 1401 1398 1432 olim
1428 1405 1462 1432 et
1490 1399 1720 1437 'l‘hemistius‚
1751 1400 1981 1445 Porphyrius,

253 1460 464 1504 Simplicius,
484 1460 679 1499 Avicenna,
698 1466 732 1492 et
750 1471 862 1503 nuper
882 1459 1031 1491 l'lethon
1051 1459 1338 1502 interpretantur.
1391 1458 1427 1490 Si
1455 1458 1534 1501 quis
1561 1462 1676 1489 autem
1705 1463 1805 1500 putet
1831 1464 1902 1491 tam
1931 1460 1983 1491 di-

254 1519 432 1563 vulgatam
455 1519 681 1561 impietatem,
701 1523 842 1560 tamque
861 1517 998 1549 acribus
1018 1517 1188 1549 munitam
1209 1516 1358 1560 ingeniis
1378 1516 1450 1548 sola
1468 1515 1619 1558 quadam
1646 1515 1793 1558 simplici
1815 1517 1982 1558 praedica-

253 1577 347 1609 tione
366 1576 444 1608 fidei
465 1577 557 1619 apud
577 1576 735 1608 homines
761 1587 860 1618 posse
879 1575 996 1613 deleri,
1016 1575 1044 1607 is
1063 1587 1083 1607 a
1102 1585 1183 1606 vero
1202 1574 1340 1618 longius
1369 1573 1530 1605 aberrare
1559 1574 1671 1616 palam
1699 1584 1734 1605 re
1760 1574 1834 1616 ipsa
1861 1576 1979 1617 procul

252 1634 359 1667 dubio
378 1635 624 1667 convincetur:
654 1634 786 1677 majore
814 1633 1000 1665 admodum
1031 1632 1086 1665 hic
1110 1643 1197 1675 opus
1221 1637 1273 1664 est
1300 1636 1492 1674 potestate:
1520 1631 1552 1663 id
1574 1638 1690 1663 autem
1711 1637 1762 1664 est
1782 1633 1835 1664 vel
1854 1633 1983 1665 divinis

254 1693 431 1725 miraculis
451 1693 579 1736 ubique
599 1691 799 1735 patentibus
821 1692 872 1723 vel
893 1692 1013 1723 saltem
1036 1689 1276 1733 philosophica
1294 1690 1443 1732 quadam
1472 1689 1639 1733 religione
1665 1689 1880 1732 philosophis
1905 1701 1980 1722 eam

252 1750 416 1783 libentius
437 1750 621 1788 audituris,
636 1750 846 1793 quandoque
866 1760 1084 1792 persuasura.
1116 1748 1233 1780 Placet
1252 1753 1368 1780 autem
1385 1748 1515 1779 divina¹
1536 1747 1766 1790 providentiae
1787 1747 1840 1779 his
1859 1749 1982 1780 seculis

253 1809 365 1852 ipsum
386 1809 563 1852 religionis
583 1819 655 1840 sua·
670 1819 780 1851 genus
799 1807 988 1839 autoritate
1007 1807 1210 1849 rationeque
1230 1806 1470 1849 philosophica
1485 1805 1700 1842 confirmare,
1715 1805 1828 1848 quoad
1849 1810 1983 1838 statuto

254 1867 404 1910 quodam
426 1872 582 1909 tempore
602 1866 819 1898 verissimam
841 1865 1018 1908 religionis
1037 1865 1197 1907 speciem,
1212 1869 1251 1896 ut
1271 1865 1351 1896 olim
1372 1863 1582 1906 quandoque
1602 1862 1693 1901 fecit,
1709 1862 1903 1896 manifestis
1923 1875 1984 1907 per

254 1935 374 1957 omnes
395 1929 516 1969 gentes
542 1924 722 1956 confirmet
747 1924 934 1955 miraculis.
987 1922 1119 1954 Divina
1139 1923 1247 1966 igitur
1266 1922 1486 1965 providentia
1505 1921 1599 1953 ducti
1620 1921 1777 1952 divinum
1801 1920 1981 1954 Platonem

255 1988 289 2015 et
309 1993 475 2027 magnum
498 1982 676 2015 Plotinum
698 1981 917 2024 interpretati
938 1992 1069 2013 sumus.
1109 1980 1289 2013 Platonem
1311 1981 1450 2023 quidem
1472 1980 1584 2022 ipsum
1606 1978 1763 2010 misimus
1783 1978 1824 2010 ad
1845 1983 1878 2011 te
1892 1979 1984 2022 jam-

255 2041 327 2079 diu,
347 2045 386 2072 ut
404 2040 495 2083 apud
516 2051 594 2072 eum
615 2040 804 2082 aliquando
823 2039 1056 2077 revivisceret,
1078 2039 1110 2071 in
1131 2050 1200 2081 quo
1220 2039 1345 2071 revixit
1367 2038 1526 2076 Cosmus,
1546 2042 1650 2080 atque
1670 2040 1810 2068 renatus
1830 2037 1981 2070 adolevit

255 2099 298 2130 ad
319 2103 451 2132 votum,
468 2104 501 2130 ct
520 2097 667 2130 feliciter
687 2097 785 2130 floret
804 2097 955 2129 adultus.
994 2096 1173 2129 Plotinum
1196 2108 1276 2129 vero
1296 2107 1388 2128 nunc
1406 2101 1439 2128 et
1459 2096 1486 2128 si
1502 2096 1582 2139 jure
1603 2095 1741 2126 missuri
1762 2105 1893 2133 sunmS,
1913 2106 1982 2128 non

255 2161 327 2188 tam
352 2156 525 2188 mittimus
545 2156 698 2199 quidem,
717 2166 822 2198 quam
850 2160 1047 2197 spectamus
1074 2155 1115 2187 ad
1143 2160 1220 2187 tuas
1248 2155 1337 2186 aedes
1362 2154 1457 2186 ultro
1480 2158 1514 2186 et
1541 2153 1702 2185 alacriter
1727 2158 1982 2194 properantem,

256 2219 422 2256 tanquam
444 2213 486 2245 ab
506 2214 580 2256 ipso
602 2213 758 2251 Platone,
778 2213 872 2244 velut
894 2212 1023 2245 ferrum
1045 2224 1063 2244 a
1084 2213 1197 2255 lapide
1216 2212 1366 2255 quodam
1391 2211 1563 2244 Herculeo
1582 2214 1733 2253 raptum,
1754 2215 1793 2243 ut
1816 2222 1919 2253 penes
1938 2217 1982 2250 te,

258 2271 486 2316 Magnanime
504 2271 685 2309 Laurenti,
701 2271 800 2303 unice
819 2271 1036 2302 literatorum
1059 2276 1214 2312 patrone,
1230 2281 1301 2302 una
1319 2281 1395 2302 cum
1415 2269 1560 2301 Platone
1579 2279 1642 2300 suo
1660 2267 1858 2301 felicissime
1876 2269 1982 2302 vivat.

257 2330 352 2362 Audi
373 2340 456 2373 ergo
474 2329 621 2361 feliciter
642 2328 821 2360 Plotinum
841 2329 882 2360 de
907 2328 1069 2360 omuibus
1097 2327 1328 2370 philosophiae
1356 2327 1531 2370 mysteriis
1559 2326 1650 2368 apud
1677 2330 1710 2357 te
1737 2337 1814 2358 cum
1837 2326 1982 2359 Platone

256 2389 477 2431 loquentem:
505 2387 562 2418 sed
584 2391 770 2429 antequam
792 2386 885 2418 hunc
904 2386 1088 2419 auscultes.
1110 2385 1328 2428 Porphyrius
1353 2385 1430 2427 pius
1455 2384 1530 2427 ejus
1555 2384 1745 2426 discipulus
1766 2383 1827 2416 tibi
1847 2385 1982 2417 auscul-

257 2445 384 2478 tandus
415 2445 492 2481 erit,
513 2445 633 2479 vitam,
662 2454 786 2480 mores,
814 2448 910 2487 gesta
940 2443 1110 2487 magistri,
1136 2448 1169 2475 et
1197 2443 1398 2475 brevissime
1427 2442 1530 2474 simul
1556 2447 1589 2473 et
1618 2442 1795 2473 verissime
1825 2452 1980 2474 narrans.

257 2504 369 2547 Cujus
397 2502 577 2535 historiam
604 2501 765 2546 Angelus
792 2500 987 2533 Politianus
1016 2505 1132 2532 noster
1159 2501 1321 2532 alumnus
1348 2505 1440 2538 tuus,
1469 2500 1636 2531 acerrimo
1665 2500 1718 2531 vir
1739 2499 1884 2543 judicio,
1909 2504 1980 2531 tam

256 2561 444 2595 oratoriam
464 2571 569 2603 quam
590 2558 866 2602 philosophicam
886 2569 959 2590 esse
977 2563 1113 2590 censet:
1142 2564 1324 2601 propterea
1344 2558 1406 2590 tibi
1427 2558 1614 2589 admodum
1643 2557 1860 2600 placituram.
1914 2555 1983 2589 De-

256 2621 361 2663 nique
386 2630 452 2650 non
480 2618 590 2649 solum
611 2617 690 2649 audi
713 2616 868 2651 feliciter,
888 2616 946 2648 sed
966 2616 1069 2647 etiam
1091 2616 1287 2663 felicissime
1307 2616 1394 2647 vive.
1449 2615 1497 2647 Et
1516 2620 1688 2658 quantum
1715 2624 1777 2646 nos
1805 2624 1912 2652 amas,
1931 2614 1982 2646 di-

258 2677 441 2710 lectissime
461 2676 642 2713 Laurenti,
664 2679 801 2707 tantum
830 2684 951 2716 precor
977 2679 1133 2706 nostrum
1164 2684 1242 2705 ama
1266 2673 1442 2712 Valorem,
1468 2673 1684 2716 Philippum,
1710 2672 1864 2714 inquam,
1886 2682 1982 2716 egre-

255 2736 352 2779 gium
374 2735 501 2772 virum,
520 2739 555 2766 et
576 2732 767 2765 Platonica>
787 2731 962 2774 sapientia
987 2731 1194 2769 studiosum,
1214 2736 1247 2763 et
1266 2737 1299 2764 te
1319 2732 1480 2764 ardenter
1498 2736 1683 2764 amantem.
