2201 2990
668 353 1129 411 BAEARSILI

1094 467 1133 490 IN

469 544 723 584 LIBRUM
769 542 1092 587 QUARTUM
1134 542 1260 581 ΕΝΝι

827 666 919 705 DE
969 665 1133 705 DAEM

1151 354 1179 411 I
1242 354 1590 412 FICINI

1252 542 1458 583 EADIS
1500 543 1779 592 TERTIAE,

1150 666 1431 715 ONIBUS‚

852 788 1404 839 ARGUMENTUM.

846 1039 1029 1073 SUMMA
1057 1038 1243 1073 TOTIUS
1270 1039 1424 1079 LIBRI,

464 1129 629 1168 Summa
651 1127 742 1168 libri
762 1144 770 1173 ;
801 1128 899 1168 item
919 1129 970 1168 de
991 1129 1254 1175 daemonibus,
1276 1135 1318 1168 et
1337 1130 1388 1168 de
1409 1129 1594 1168 daemone
1615 1130 1788 1183 proprio.

275 1209 459 1262 SUMMA
475 1231 544 1263 libri
560 1231 653 1274 hujus
667 1232 705 1262 de
722 1243 777 1262 suo
792 1232 942 1274 cujusque
958 1232 1108 1271 daemone,

273 1274 432 1305 daemonici
461 1275 563 1317 potius
599 1286 692 1317 quam
730 1274 837 1312 divini,
868 1282 911 1306 est
945 1275 1107 1317 ejusmodi.

274 1317 390 1348 Anima
404 1329 473 1348 cum
498 1318 536 1348 sit
555 1329 665 1366 onmia,
683 1325 863 1359 motumque
886 1318 996 1349 habeat
1018 1326 1107 1349 natu-

274 1360 377 1391 raliter
402 1361 543 1399 liberum,
568 1361 710 1391 nimirum
738 1369 837 1402 potest
861 1369 890 1392 et
920 1361 998 1392 intra
1024 1374 1054 1392 se
1077 1361 1107 1391 in

273 1404 412 1446 proprias
427 1405 563 1434 omnium
580 1404 792 1435 similitudines
807 1404 937 1434 formare
953 1416 983 1435 sc
999 1404 1107 1446 ipsam,

274 1454 367 1488 atque
382 1447 511 1477 subinde
527 1447 599 1477 talia
614 1447 668 1477 sibi
685 1446 859 1477 animalium
881 1455 910 1478 et
934 1447 1108 1489 plantarum

273 1501 401 1532 corpora
415 1490 616 1520 conformare.
661 1490 691 1520 Si
709 1490 803 1531 igitur
819 1502 902 1521 more
918 1490 1030 1532 plantae
1047 1490 1110 1521 vix-

273 1533 345 1563 erit:
372 1533 483 1563 format
506 1541 575 1575 post
598 1533 675 1563 hane
691 1533 782 1563 vitam
807 1533 919 1580 plantae
941 1545 1062 1575 corpus,
1079 1533 1110 1563 in

273 1588 336 1618 quo
359 1575 503 1617 vetretalis
526 1576 662 1618 potentia
684 1584 803 1606 tantum
826 1576 908 1617 agit:
934 1588 1038 1607 sensus
1057 1588 1110 1607 au-

273 1627 334 1650 tem
359 1619 509 1661 ejusmodi
532 1619 601 1649 vita:
632 1630 676 1661 pi(
670 1619 773 1650 assidet
804 1627 950 1661 tanquam
976 1619 1108 1656 daemon,

274 1673 333 1693 non
355 1670 389 1692 ut
404 1674 508 1709 agens,
524 1662 575 1693 sed
592 1670 625 1692 ut
647 1662 781 1692 assidens
796 1662 976 1704 speculator.
1023 1662 1110 1692 Simi-

273 1704 342 1736 litcr
357 1705 380 1735 si
396 1705 496 1736 anima
513 1705 616 1736 vivens
633 1713 666 1735 ut
682 1705 787 1741 hestia,
802 1707 853 1735 fiat
869 1705 1001 1747 denique
1013 1705 1110 1736 bestia

274 1759 394 1779 sensum
411 1759 481 1778 cum
496 1748 625 1790 vegetali
641 1748 792 1778 duntaxat
811 1760 963 1785 exercens,
980 1748 1109 1779 rationa-

274 1791 309 1821 lis
325 1791 395 1822 hnic
412 1799 545 1833 potestas
559 1791 695 1821 imminet
710 1791 818 1827 ociosa,
836 1799 864 1821 et
882 1800 986 1833 tanqm
979 1803 1026 1821 am
1048 1791 1109 1822 dfe-

274 1846 344 1864 mon
370 1833 479 1876 aliquis
501 1834 688 1864 obserhator
733 1834 794 1871 Qui
815 1846 887 1864 xero
909 1843 1026 1864 latione
1050 1846 1109 1864 una

274 1888 344 1908 cum
368 1888 456 1907 sensu
479 1877 564 1914 vivit,
588 1885 719 1907 mentem
744 1877 835 1907 habet
858 1888 941 1907 more
963 1877 992 1907 d
986 1889 1110 1907 emonis

274 1920 482 1951 assistentem:
507 1920 560 1962 qui
590 1920 722 1961 denique
751 1919 826 1950 vivit
863 1928 974 1957 mente,
1006 1921 1109 1951 Deum

275 1974 331 2010 p1o
359 1963 498 1993 daemone
521 1963 642 1994 videtur
669 1963 779 1993 habere
802 1963 992 2005 przefectum.
1041 1964 1110 1993 Hae

275 2017 306 2036 111
322 2018 354 2036 re
371 2005 512 2036 Plotinus
535 2006 690 2037 Timaeum
707 2018 744 2036 ex
761 2014 848 2048 palte
863 2014 984 2036 secutus
999 2014 1043 2036 est
1066 2006 1111 2036 di-

276 2057 404 2087 centem,
433 2057 613 2091 potestatem
643 2049 883 2091 prastantiorem
914 2049 1024 2079 animae
1047 2061 1110 2079 csse

276 2091 383 2122 ducem
406 2092 536 2122 hominis
558 2100 651 2134 atque
673 2092 855 2122 damonem.
907 2093 1036 2122 Secutus
1065 2100 1110 2122 est

276 2142 306 2164 et
321 2135 453 2165 caimina
470 2135 691 2177 Pythagorica:
719 2147 772 2176 qua
764 2148 790 2165 ιιι
813 2136 914 2165 Deum
938 2135 1108 2172 obsecrant,

277 2184 321 2215 ut,
337 2189 399 2218 quo
421 2161 592 2208 Damone&
589 2185 722 2215 utamur,
740 2178 897 2209 ostendat:
923 2177 1033 2208 deinde
1056 2177 1108 2208 de-

276 2219 391 2250 clarant
414 2220 577 2263 unicuique
600 2221 694 2251 inesse
715 2232 771 2263 pro
793 2221 931 2251 daemone
954 2221 1109 2262 quandam

277 2270 368 2293 natur
369 2275 395 2293 ιιι)
410 2274 540 2304 pr¹0pli¹e
555 2264 756 2301 divinitatem,
773 2276 844 2305 qua
867 2264 1000 2306 pandere
1023 2264 1110 2294 nobis

276 2305 371 2348 possit
390 2306 517 2336 occulta.
562 2307 645 2337 Hinc
668 2318 741 2348 ergo
765 2307 904 2337 Plotinus
927 2314 957 2337 et
982 2306 1109 2337 Iambli-

275 2348 352 2379 chus
367 2347 451 2390 AEg)
454 2349 587 2390 ptiorum
608 2350 755 2380 sententia
777 2350 965 2380 intellectum
989 2349 1109 2380 unicui-

275 2403 337 2439 que
351 2402 441 2421 suum
463 2402 510 2433 pl<
502 2392 644 2429 reficiunt,
662 2400 807 2433 tanquam
831 2393 1000 2423 daemonem
1021 2392 1110 2422 ratio-

277 2446 324 2465 ms
342 2445 460 2475 semper
481 2434 582 2464 omnia
605 2434 823 2476 speculantem.
868 2436 921 2466 Ad
941 2435 1023 2466 hunc
1039 2447 1110 2465 vero

276 2477 389 2508 librum
414 2476 657 2518 componendum
683 2485 727 2507 est
757 2477 919 2515 adductus,
944 2486 977 2508 ut
1008 2486 1110 2509 narrat

277 2519 480 2568 Porphyrius,
505 2530 621 2560 magica
644 2519 787 2561 Egyptii
811 2520 973 2550 sacerdotis
998 2532 1106 2562 opera:

276 2575 330 2605 qm
346 2570 375 2593 et
391 2562 590 2604 profitebatur
606 2573 695 2592 suum
708 2573 819 2603 culque
834 2562 1003 2592 damonem
1013 2563 1108 2593 oeulis

276 2606 493 2641 demonstrare,
517 2612 546 2635 et
569 2604 787 2635 demonstr¹axit
811 2604 933 2635 Plotino
955 2605 1109 2646 pluribus-

276 2661 337 2691 que
366 2647 579 2696 praesentibus,
609 2658 670 2677 non
699 2647 869 2677 (ἲιιηιιοιιρῐιι
901 2647 1025 2684 Plotini,
1056 2648 1108 2678 sed

278 2693 400 2723 Deum:
425 2702 541 2733 quippe
562 2701 633 2722 cum
657 2690 798 2721 Plotinus
822 2701 882 2721 non
906 2697 968 2720 tam
993 2690 1109 2721 ratione

1151 1243 1244 1273 quam
1262 1231 1461 1273 intelligentia
1476 1232 1526 1262 viv
1529 1240 1602 1270 eret,
1614 1232 1713 1263 nitens
1724 1233 1881 1264 videlicet
1875 1235 1990 1267 lntuitu

1152 1274 1318 1316 plurimum
1336 1276 1449 1317 potius,
1466 1287 1558 1317 quam
1579 1276 1730 1315 discur5u,
1748 1288 1847 1318 neque
1866 1286 1989 1319 pertur-

1152 1317 1290 1348 bationes
1301 1326 1475 1360 amputans,
1490 1319 1541 1348 sed
1558 1319 1726 1361 extirpatis.
1761 1321 1860 1357 Quam
1873 1321 1913 1351 ob
1926 1333 1990 1352 rem

1152 1369 1181 1391 et
1198 1361 1226 1391 in
1243 1361 1299 1391 hoc
1317 1361 1394 1392 libro
1409 1372 1469 1392 non
1486 1362 1583 1392 solum
1605 1361 1703 1399 docet,
1721 1363 1820 1404 qualis
1839 1364 1990 1406 cujusque

1153 1403 1189 1434 sit
1212 1403 1351 1434 daemon:
1378 1416 1483 1435 verum
1507 1405 1596 1435 etiam
1621 1405 1801 1436 exhortatur
1823 1406 1862 1436 ad
1886 1408 1990 1438 Deum

1153 1458 1209 1489 pro
1238 1447 1378 1477 daemone
1406 1447 1667 1489 consequendum.
1725 1449 1886 1480 Hactenus
1921 1450 1990 1480 libri

1155 1501 1282 1520 summa.
1330 1491 1406 1521 Esse
1431 1502 1504 1521 xero
1526 1502 1570 1531 pr
1564 1498 1638 1521 ιῑιιι·
1660 1491 1769 1521 animae
1792 1500 1893 1533 partes
1916 1492 1991 1523 alios

1154 1532 1278 1575 insuper
1294 1541 1361 1563 ι)·Χιι
1362 1545 1452 1564 aneos
1467 1533 1496 1563 d·
1490 1545 1631 1571 reinones,
1643 1542 1708 1564 tum
1722 1546 1814 1576 quam
1831 1535 1989 1576 plurimos,

1154 1582 1218 1606 tum
1233 1576 1326 1606 duces
1339 1576 1508 1613 hominum,
1525 1577 1569 1607 Pl¹
1564 1585 1613 1607 ¹1t0
1625 1589 1645 1607 s·
1640 1589 1664 1607 ιιι
1668 1589 1705 1619 pe
1715 1576 1859 1615 dalmat,
1872 1590 1989 1609 omnes-

1154 1631 1214 1660 que
1232 1619 1378 1649 Platonici
1394 1632 1399 1649 ς
1426 1626 1454 1649 et
1479 1619 1542 1661 ipse
1566 1620 1707 1650 Plotinus
1722 1620 1804 1658 alibi,
1820 1628 1850 1651 et
1866 1621 1895 1651 in
1911 1621 1990 1652 libro

1154 1662 1191 1692 de
1208 1663 1324 1692 Amore
1340 1662 1542 1704 potissimum.
1577 1663 1614 1693 In
1631 1662 1687 1693 hoc
1702 1670 1803 1693 autem
1821 1663 1898 1694 libro
1912 1675 1990 1706 prae-

1153 1705 1241 1746 cipue
1253 1705 1282 1735 d¹
1276 1716 1407 1735 annones
1422 1705 1599 1741 introducit,
1612 1705 1664 1747 qui
1676 1705 1734 1736 sint
1748 1714 1848 1747 partes
1860 1707 1986 1738 animae·

1153 1748 1295 1789 quoniam
1312 1756 1342 1778 et
1364 1748 1403 1778 ab
1425 1748 1490 1779 aliis
1511 1748 1647 1778 nondum
1663 1748 1763 1779 fuerat
1786 1749 1988 1791 disputatum,

1152 1799 1181 1821 et
1198 1802 1292 1832 pro„
1275 1791 1420 1821 rrradihus
1435 1790 1597 1832 ejusmodi,
1613 1791 1787 1821 daemonum
1807 1792 1918 1823 diversi
1934 1804 1989 1823 no-

1153 1834 1198 1863 bis
1210 1841 1405 1864 externorum
1416 1834 1590 1864 daemonum
1605 1834 1721 1875 gradus
1737 1834 1898 1865 habentur.
1924 1835 1990 1867 Ubi

1153 1877 1233 1907 enim
1257 1877 1425 1907 secundum
1448 1876 1695 1918 imaginationem
1719 1877 1781 1908 vita
1804 1877 1988 1919 disponitur,

1153 1929 1297 1950 externus
1313 1919 1432 1950 daemon
1456 1928 1558 1950 noster
1580 1927 1624 1950 est
1647 1919 1757 1957 aerius,
1773 1920 1803 1950 in
1819 1924 1887 1951 aere
1903 1921 1987 1952 vide-

1154 1962 1221 1993 licet
1238 1963 1351 1999 infimo,
1367 1974 1401 1993 ae
1417 1974 1471 2004 per
1494 1962 1740 2004 imaginationem
1764 1971 1897 1994 nostram
1915 1964 1989 1995 ima-

1152 2005 1306 2047 ginatione
1331 2017 1386 2035 sua
1408 2017 1462 2036 nos
1485 2005 1621 2046 agitans:
1647 2005 1700 2036 ubi
1724 2017 1796 2036 vero
1818 2007 1989 2038 secundum

1152 2048 1298 2079 rationem
1318 2048 1440 2086 vivitur,
1456 2048 1577 2079 daemon
1593 2048 1666 2078 foris
1681 2060 1718 2079 ex
1734 2054 1805 2079 aere
1821 2049 1921 2080 medio
1942 2061 1989 2081 ra-

1152 2091 1233 2122 tione
1256 2103 1309 2121 sua
1332 2091 1479 2121 rationem
1496 2099 1596 2122 versat
1618 2091 1801 2122 humanam:
1826 2092 1879 2123 ubi
1901 2092 1989 2123 deni-

1153 2145 1213 2176 que
1229 2134 1439 2164 intelleetualis
1455 2142 1499 2165 est
1514 2134 1586 2171 vita,
1600 2134 1720 2164 daemon
1737 2146 1774 2165 ex
1790 2138 1858 2165 a‘e're
1870 2147 1989 2167 summo

1152 2188 1207 2219 pcr
1222 2177 1452 2218 intelligentiam
1469 2177 1581 2218 aspirat
1598 2176 1823 2219 intelligentiae:
1848 2185 1940 2220 atque
1955 2178 1988 2210 id

1152 2231 1213 2250 non
1236 2226 1299 2250 tam
1321 2220 1466 2250 electione
1488 2220 1614 2257 faciunt,
1638 2231 1730 2261 quam
1755 2232 1838 2251 more
1858 2229 1985 2253 naturae.

1153 2263 1234 2293 Nam
1259 2271 1289 2293 et
1312 2263 1341 2293 in
1366 2263 1452 2293 nobis
1474 2262 1685 2293 intellectualis
1706 2262 1782 2294 lucis
1806 2264 1989 2305 excogitatio

1152 2305 1400 2347 imaginationem
1426 2305 1605 2336 naturaliter
1624 2313 1727 2336 movet
1751 2306 1791 2336 ad
1817 2306 1987 2338 sensibilem

1153 2348 1251 2379 lucem
1268 2348 1504 2390 imaginandam,
1520 2356 1550 2379 et
1566 2348 1742 2389 imaginatio
1757 2349 1787 2379 in
1804 2360 1909 2380 somno
1924 2361 1988 2380 mo-

1153 2400 1204 2422 vet
1219 2403 1333 2429 sensus,
1350 2399 1380 2422 et
1395 2392 1425 2421 in
1441 2391 1543 2433 vigilia
1557 2391 1734 2438 frequenter
1747 2391 1874 2423 affectus
1895 2392 1987 2423 modo

1153 2442 1290 2465 natmae:
1325 2442 1418 2476 atque
1443 2434 1570 2465 vicissim
1600 2445 1700 2476 passm
1723 2446 1792 2465 mov
1795 2443 1824 2465 et
1853 2446 1985 2473 sensum,

1153 2489 1258 2507 sensus
1274 2477 1531 2519 imaginationem,
1547 2477 1613 2507 haec
1629 2477 1807 2508 naturaliter
1826 2477 1984 2508 rationem.

1155 2520 1300 2550 Similiter
1321 2504 1475 2550 daemones
1497 2519 1614 2550 viribus
1636 2519 1698 2550 suis
1726 2526 1844 2551 nostras
1866 2520 1987 2551 assidue

1151 2563 1293 2605 pulsant:
1319 2562 1371 2593 sed
1401 2562 1595 2594 excellentim
1616 2562 1692 2593 ordo
1723 2563 1897 2593 daemonum
1922 2563 1986 2605 agit

1150 2605 1299 2636 occultius
1321 2605 1489 2636 admodum
1511 2613 1604 2647 atque
1620 2605 1812 2647 tranquillius
1833 2605 1873 2635 ad
1895 2605 1985 2636 intel-

1151 2648 1306 2689 ligentiam
1322 2648 1442 2679 assidue
1456 2660 1619 2679 revocans:
1636 2648 1735 2690 qualis
1746 2647 1853 2689 utique
1864 2647 1986 2679 daemon

1152 2690 1274 2721 videtur
1300 2691 1424 2722 duxisse
1453 2690 1631 2722 Plotinum:
1656 2690 1785 2732 ideoque
1814 2690 1986 2732 appellatus
