2201 2990
570 140 631 179 IN
663 140 768 178 LIB.
792 138 869 177 III.
903 138 1155 177 ENNEAD.
1185 138 1477 177 SECUNDAE.

180 251 275 270 mone.
318 238 440 274 Divino,
456 236 579 278 quando
594 235 670 266 ratio
685 235 730 265 vel
746 234 944 275 intelligentia
958 234 999 264 ita

180 296 210 313 sc
225 282 326 318 habet,
337 289 370 312 ut
385 277 688 311 accommodatissime
701 285 772 308 tunc
784 276 895 306 divina:
907 276 999 306 menti

181 325 338 360 subdatur,
355 323 443 353 etiam
463 322 486 351 si
507 332 560 351 nos
573 320 603 350 id
620 320 720 350 lateat.
764 318 907 360 Quinque
929 325 1000 348 sunt

181 368 272 408 igitur
289 363 469 407 praedicendi
493 363 590 393 modi:
615 369 688 398 arte,
705 373 785 397 casu,
801 369 919 397 natura,
936 361 998 391 dae-

182 420 277 445 mone,
295 409 371 438 Deo.
416 406 498 436 Hinc
520 405 658 441 eflicitur,
677 411 709 434 ut
732 404 879 445 plerique,
896 403 940 434 vel
958 403 1001 433 in-

181 461 267 487 ertes,
285 450 330 480 vel
347 449 445 479 minus
460 448 489 478 in
505 448 621 478 artibus
643 447 753 477 cruditi
769 446 916 488 praesagio
931 446 1002 476 doe-

183 494 270 524 tiores
298 491 451 522 excellant.
507 490 590 520 Hinc
620 489 811 531 Porphyrius
840 496 1002 530 antequam

181 542 312 566 narraret
330 534 484 564 Plotinum
501 532 640 563 vaticinio
657 532 787 562 Socratis
805 532 897 562 instar
913 532 1000 562 mira-

181 578 280 609 biliter
306 576 459 619 polluisse,
485 575 537 610 ait,
564 587 633 605 611111
662 574 775 616 aliquid
803 575 867 616 ipsa
895 582 1004 605 natura

183 619 315 651 mirabile
337 626 447 661 praeter
469 625 593 649 caeteros
616 617 751 647 homines
776 617 926 653 habuisse,
951 629 1004 647 nec

182 663 277 693 solum
293 662 473 699 daemonem,
489 661 539 691 sed
563 668 593 691 et
616 661 717 690 Deum
742 660 882 691 habuisse
898 660 1005 701 magis-

183 714 273 737 trum.
306 705 388 735 Hinc
403 703 614 745 astrologicum
631 703 705 733 illud
717 703 868 745 judicium
885 715 922 733 ex
938 703 1006 733 stel-

184 749 217 778 lis¹
242 759 299 778 non
324 747 418 777 solum
443 748 476 777 tit
502 758 555 788 per
576 757 679 776 earum
704 746 930 787 inspectionem,
954 745 1005 776 sed

184 791 272 822 etiam
288 802 323 821 ex
340 790 433 831 ipsius
447 797 565 825 natura,
582 788 634 830 qui
646 788 776 830 judicat.
811 789 894 819 Hine
908 788 1007 819 Ptole-

186 845 296 864 niseus:
322 832 445 863 Judieia
467 832 559 873 hujus
581 831 725 872 ambigua
746 838 816 862 sunt
837 832 874 869 ei,
891 831 943 873 qui
961 843 1006 861 re-

186 888 251 906 rum
275 884 397 906 naturas
416 875 576 916 stellasque
591 874 776 905 considerat:
801 874 842 904 illi
859 886 940 911 vero,
956 874 1009 915 qui

186 930 221 949 ex
241 918 355 948 meliori
374 926 459 959 parte
480 918 585 948 futura
599 924 795 958 cognoscunt,
812 917 1010 959 propinquio-

186 973 230 991 res
247 968 316 991 sunt
331 960 448 991 veritati
464 968 588 1002 propter
603 960 662 990 vim
683 960 791 990 animae
806 960 835 990 in
851 960 892 990 eis
913 959 1008 990 domi-

186 1011 316 1039 nantem,
334 1004 472 1044 quamvis
495 1014 553 1033 non
573 1002 698 1033 multam
723 1003 814 1044 hujus
836 1003 908 1033 artis
930 1002 1010 1044 peri—

186 1047 256 1077 tiam
274 1047 413 1076 habeant.
457 1046 613 1076 Conclutle
629 1045 761 1082 tandem,
779 1045 800 1075 si
816 1045 1012 1087 agricultores

187 1102 220 1120 ac
233 1089 338 1120 medici
351 1089 380 1119 in
396 1101 426 1119 re
438 1089 562 1119 certiore
574 1088 684 1130 saepius
699 1088 891 1130 praedicendo
903 1088 1013 1118 fallun-

189 1141 248 1169 tur,
265 1140 388 1163 czeteros
403 1131 596 1173 praedit-tores
619 1131 780 1173 saepissime
796 1131 867 1161 falli.
913 1134 1011 1168 Quam

188 1175 334 1206 fallaciam
350 1174 512 1205 doctissimi
529 1174 642 1215 quique
665 1174 827 1204 astronomi
844 1174 1011 1215 deprehen-

190 1218 304 1255 dentes,
315 1217 429 1259 judicia
446 1216 661 1258 neglexerunt:
687 1217 782 1246 Mitto
798 1224 921 1246 caeteros
940 1217 1012 1246 mihi

188 1261 276 1291 etiam
293 1268 387 1290 notos.
412 1259 528 1290 Paulus
544 1259 738 1290 Florentinus
753 1266 942 1289 astronomus
958 1259 1015 1289 sin-

189 1303 313 1344 gularis,
336 1303 400 1333 haee
427 1302 523 1332 ridere
547 1302 670 1338 solebat,
695 1301 747 1343 qui
774 1309 801 1332 et
828 1314 922 1332 annos
946 1302 1015 1332 vitae

190 1346 325 1387 quinque
351 1356 441 1387 super
462 1345 615 1386 octoginta
637 1344 784 1386 implevit,
809 1356 892 1374 suam
916 1352 1014 1375 tamen

191 1389 322 1429 genesim
338 1387 564 1428 diligentissime
578 1387 809 1429 contemplatus,
827 1387 899 1417 nihil
920 1387 958 1417 ad
975 1399 1014 1417 a:-

193 1440 283 1461 11116111
300 1432 455 1461 conferens
470 1430 590 1472 longam
607 1429 707 1471 potuit
721 1430 863 1460 invenire.

196 1520 303 1548 Quanta
318 1519 351 1543 sit
363 1527 448 1543 rernm
463 1519 486 1543 in
503 1518 623 1543 universo
636 1518 781 1543 communio
792 1529 801 1543 :
817 1520 841 1543 et
852 1518 979 1551 quonmclo
992 1518 1018 1542 in

331 1558 405 1584 rebus
419 1559 470 1584 sint
486 1558 622 1583 latentium
640 1558 737 1583 indicia
752 1558 879 1591 qztoedam.

226 1604 371 1642 Quamvis
385 1610 486 1634 autem
503 1604 676 1634 futurorum
693 1611 784 1644 atque
800 1603 956 1633 latentium
969 1603 1019 1644 ju-

194 1647 305 1678 dicium
322 1646 359 1676 sit
374 1646 610 1676 fallacissimum:
632 1653 661 1676 et
677 1646 699 1676 si
715 1646 839 1687 quando
853 1645 1018 1676 veridicum

195 1698 249 1727 est,
272 1690 382 1731 saepius
404 1689 543 1725 naturali,
559 1688 738 1726 daemonico,
760 1689 863 1719 divino
885 1688 1018 1730 quodam

195 1733 347 1769 instinctu,
363 1743 455 1773 quam
478 1740 541 1762 arte
564 1731 725 1772 procedat:
752 1739 850 1762 tamen
866 1731 954 1762 insita
974 1743 1019 1761 re-

196 1776 253 1805 bus
273 1782 342 1805 sunt
362 1774 501 1816 quaedam
522 1774 632 1804 indicia
652 1786 763 1811 rerum,
780 1774 892 1815 quibus
914 1774 1018 1804 admo-

200 1818 278 1848 nitus
293 1825 401 1848 natura
416 1817 548 1859 sagacior
563 1817 680 1847 animus
703 1829 756 1847 sua
773 1817 837 1857 jam
853 1817 899 1847 vel
922 1817 1020 1847 altiori

199 1860 327 1902 explicat
341 1860 494 1897 facultate,
507 1860 588 1901 quod
605 1859 713 1890 indicia
728 1860 833 1890 leviter
848 1860 1020 1890 admonent.

203 1904 276 1933 Esse
292 1914 362 1933 vero
376 1903 461 1943 signa
475 1903 602 1933 vicissim
618 1903 655 1933 ad
672 1914 718 1932 res
734 1902 829 1933 indita
844 1902 934 1932 rebus
950 1902 1020 1932 Plo-

201 1945 281 1975 tiuus
303 1945 341 1975 ab
362 1945 426 1986 ipsa
449 1945 513 1975 vult
536 1954 714 1976 cunctorum
736 1945 947 1975 communione
970 1957 1021 1975 na-

203 1996 295 2018 turas:
326 1999 362 2018 ex
387 2000 448 2029 qua
470 1997 534 2018 tuni
560 2000 605 2018 res
628 1988 686 2018 alia
708 1996 851 2018 eventum
875 1988 1023 2029 significat

203 2030 304 2065 alium,
322 2038 385 2060 tum
407 2042 452 2061 res
471 2030 563 2061 altera
583 2038 690 2061 mutuo
705 2031 852 2072 significat
873 2031 969 2067 alteri,
985 2031 1023 2060 si-

205 2072 313 2103 militer
328 2072 356 2102 in
374 2073 497 2111 mundo,
513 2073 646 2104 similiter
661 2081 690 2104 et
706 2070 847 2104 innubis.
883 2074 1024 2104 Profecto

206 2115 226 2144 si
249 2115 277 2144 iu
303 2115 391 2144 rebus
413 2116 542 2157 perfecte
564 2116 668 2153 mistis,
684 2116 766 2157 quod
783 2116 965 2147 elementum
981 2124 1025 2147 est

205 2159 233 2187 in
259 2157 409 2198 quolibet:
434 2158 529 2188 inulto
551 2159 646 2199 magis
670 2159 698 2188 in
723 2159 853 2195 animali,
877 2159 961 2201 quod
984 2159 1025 2190 ita

207 2201 299 2230 ferme
315 2200 513 2241 compositum
529 2209 572 2230 est
588 2212 625 2230 ex
641 2201 797 2232 membris:
824 2202 899 2232 sicut
914 2214 950 2232 ex
967 2202 1024 2232 ele-

206 2243 314 2272 mentis
335 2242 482 2272 conflatur
497 2251 526 2273 et
542 2243 673 2280 mistum,
689 2244 719 2274 in
734 2244 869 2285 quolibet
893 2245 1028 2275 membro

208 2293 275 2315 sunt
303 2293 419 2315 cuneta.
466 2285 674 2327 Compositum
700 2287 790 2323 enim,
815 2287 897 2328 quod
920 2295 1029 2318 natura

210 2328 314 2357 melius
333 2335 387 2363 est,
404 2327 543 2357 nimirum
560 2335 603 2358 est
623 2336 652 2358 et
674 2329 787 2359 meliori
811 2330 924 2360 ratione
946 2342 1026 2360 com-

210 2378 341 2412 pactum.
389 2370 596 2411 (¹01np0situm
620 2382 691 2401 vcro
714 2371 830 2402 nullum
856 2380 963 2402 natura
985 2380 1029 2403 est

211 2414 341 2454 perfecte
356 2424 536 2447 connexum,
550 2412 603 2442 nisi
619 2413 695 2443 sicut
711 2414 740 2444 in
756 2422 819 2445 toto
835 2421 904 2444 sunt
918 2422 1028 2456 partes,
1054 2416 1057 2420 ’

212 2457 252 2486 ita
273 2455 399 2485 vicissim
422 2455 450 2484 in
477 2455 612 2496 partibus
635 2455 671 2485 sit
693 2463 722 2486 et
746 2464 852 2487 totum.
900 2458 968 2487 Non
987 2466 1031 2488 est

211 2506 311 2529 autem
328 2506 424 2528 totuin
442 2497 470 2527 in
487 2497 635 2538 partibus,
652 2497 674 2527 si
690 2509 743 2539 per
757 2498 899 2540 aliquam,
916 2499 962 2529 vel
981 2500 1032 2529 ali-

211 2553 287 2583 quas
302 2541 449 2570 duntaxat
467 2548 567 2581 partes
582 2540 717 2581 partibus
737 2540 801 2570 aliis
822 2541 908 2571 insit:
934 2541 993 2571 imo
1009 2542 1031 2571 si

213 2595 266 2624 per
281 2591 404 2614 cunctas
420 2583 542 2612 omnino
557 2590 656 2624 partes
676 2583 706 2612 in
727 2590 811 2624 parte
826 2584 863 2613 sit
878 2584 1012 2625 qualibet
1025 2597 1030 2614 z

214 2626 311 2662 idest,
328 2626 349 2656 si
366 2626 396 2655 in
412 2625 518 2666 quavis
534 2633 618 2667 parte
634 2625 691 2655 sint
706 2636 818 2655 ornnes.
854 2626 982 2656 Accedit
995 2627 1033 2657 ad

215 2669 288 2705 haee,
304 2668 386 2710 quod
404 2668 432 2698 in
449 2667 570 2709 genitali
593 2668 700 2698 animze
720 2668 862 2698 facultate
885 2669 926 2699 ita
948 2669 1035 2699 simul

269 2726 361 2750 VOL.
389 2727 415 2750 I.

1791 150 1865 187 225

1044 241 1125 264 totus
1141 240 1185 263 est
1200 233 1301 269 homo,
1318 240 1351 262 ut
1366 232 1395 261 in
1411 232 1546 272 quolibet
1570 232 1704 261 membro
1720 232 1756 262 sit
1774 240 1866 263 totus.

1045 276 1187 306 Similiter
1202 276 1231 305 in
1247 275 1358 304 virtute
1374 274 1493 304 seminis
1509 273 1679 303 formatrice
1694 274 1867 316 ubieunque

1044 318 1212 348 membrum
1243 317 1365 358 aliquod
1391 316 1554 357 cogitatur,
1581 315 1668 345 simul
1695 323 1724 346 et
1754 316 1869 357 reliqua

1044 367 1287 401 consequuntur:
1312 359 1457 390 hactenus
1480 358 1562 389 nulla
1580 365 1624 388 est
1644 358 1722 388 inter
1737 359 1871 389 membra

1047 403 1102 434 loci
1125 403 1287 438 distinctio,
1304 402 1355 432 sed
1378 401 1511 431 rationis.
1558 402 1636 431 Cum
1654 400 1746 441 igitur
1761 400 1868 430 animal

1046 446 1141 476 oculis
1163 445 1356 476 manifestum
1384 444 1440 474 sub
1466 444 1521 474 hac
1547 443 1666 473 unionis
1690 443 1870 479 conditione,

1048 496 1111 519 tum
1136 500 1171 519 ex
1197 488 1297 519 anima
1322 495 1386 518 tum
1412 498 1447 517 ex
1472 486 1583 517 semine
1606 485 1746 527 pullulet,
1768 497 1869 516 conse-

1047 543 1144 573 quens
1166 539 1220 568 est,
1243 530 1383 561 unionem
1406 529 1632 571 quodammodo
1654 528 1778 558 similem
1803 528 1872 558 inde

1048 574 1200 616 suscipiat.
1246 575 1344 610 Quam
1369 573 1408 603 ob
1432 584 1494 602 rem
1518 572 1573 602 etsi
1600 571 1669 601 alibi
1696 578 1787 612 caput
1811 582 1873 601 esse

1049 617 1181 654 videtur,
1197 617 1267 647 alibi
1284 627 1403 646 rursum
1424 626 1531 645 manus
1551 622 1580 645 et
1604 614 1705 656 pedeS‚
1721 613 1873 644 communi

1049 668 1147 690 tamen
1165 659 1393 701 participatione
1408 658 1539 699 quadam
1556 658 1633 687 forte
1649 664 1720 687 sunt
1735 656 1764 686 in
1780 656 1875 686 omni-

1049 704 1107 733 bus
1126 703 1240 733 omnia:
1267 702 1307 732 sic
1326 702 1356 732 in
1376 701 1498 732 cerebro
1519 699 1635 741 aliquid
1657 707 1702 729 est
1723 699 1821 729 cordis
1843 706 1871 728 et

1045 746 1171 787 jecoris:
1198 745 1237 775 sic
1259 745 1287 775 in
1303 744 1393 775 corde
1413 744 1522 785 jecoris
1543 742 1678 773 nonnihil
1699 750 1727 772 et
1748 741 1872 784 capitis:

1051 789 1091 819 sic
1107 789 1136 818 in
1147 789 1249 829 jecore
1264 789 1298 818 fit
1312 787 1458 818 vicissim:
1484 787 1512 816 in
1530 786 1629 822 vultu,
1646 796 1752 815 manus
1774 792 1804 815 et
1826 796 1877 826 pe-

1051 832 1119 862 des:
1144 832 1174 861 in
1199 831 1338 861 manibus
1362 831 1462 860 forsan
1483 838 1513 860 et
1535 829 1638 859 vultus
1659 835 1689 858 et
1709 827 1820 870 pedes:
1846 827 1875 857 in

1053 874 1180 916 pedibus
1196 874 1320 904 forsitan
1337 873 1500 913 vultusque
1523 883 1700 912 manusque.
1746 871 1783 900 In
1800 882 1875 911 quo—

1053 917 1125 947 libet
1140 917 1242 958 itaque
1258 916 1403 952 membro,
1421 915 1496 945 sicut
1514 913 1628 956 aliquid
1643 913 1820 944 naturaliter
1835 920 1878 943 est

1052 960 1190 995 aliorum,
1208 960 1248 989 sic
1264 967 1374 1001 praeter
1389 958 1498 988 indicia
1512 957 1644 999 propria,
1660 956 1787 987 aliorum
1804 967 1879 997 quo-

1053 1015 1113 1044 que
1129 1013 1346 1043 nonnunquam
1364 1001 1472 1031 indicia
1494 1001 1595 1031 latent.
1641 1000 1693 1029 Tu
1708 1011 1781 1040 ergo
1796 1007 1877 1040 post-

1055 1058 1145 1087 quam
1162 1046 1291 1075 frontem
1309 1045 1338 1074 in
1361 1043 1463 1085 primis
1485 1050 1514 1074 et
1537 1043 1639 1073 oculos
1662 1042 1814 1084 praecipue
1829 1041 1879 1071 fu-

1055 1089 1112 1119 eris
1127 1088 1360 1129 contemplatus,
1372 1086 1472 1116 omnia
1488 1086 1595 1128 passim
1613 1084 1807 1126 circumspice
1823 1084 1879 1125 sig-

1056 1143 1104 1162 na.
1149 1131 1239 1168 Quod
1256 1130 1334 1161 enim
1358 1129 1467 1160 alicubi
1484 1129 1529 1159 vel
1546 1136 1575 1158 te
1595 1128 1678 1164 latet,
1694 1127 1741 1158 vel
1758 1135 1881 1168 propter

1057 1174 1306 1215 impedimentum
1330 1172 1451 1203 minime
1477 1171 1599 1213 prodiit,
1624 1171 1724 1201 forsan
1751 1169 1882 1200 invenies

1056 1217 1135 1247 alibi.
1161 1216 1284 1246 Animal
1301 1215 1388 1245 simili
1404 1214 1518 1245 ratione
1533 1213 1721 1243 mundanum
1734 1225 1770 1243 ex
1784 1213 1883 1243 anima

1058 1259 1211 1301 quondam
1228 1270 1292 1295 sua,
1305 1270 1342 1288 ex
1359 1269 1413 1288 suo
1429 1257 1540 1288 semine
1563 1255 1734 1297 pullulavit,
1749 1267 1783 1285 ea
1799 1255 1881 1285 vide-

1058 1303 1127 1332 licet
1142 1302 1266 1339 ratione,
1282 1308 1316 1331 ut
1332 1301 1362 1330 in
1378 1299 1512 1341 quolibet
1535 1299 1601 1340 ejus
1624 1299 1760 1328 membro
1780 1298 1817 1328 sit
1838 1306 1882 1328 to-

1060 1351 1142 1375 tum:
1168 1345 1207 1374 sic
1224 1344 1253 1373 in
1269 1343 1405 1384 qualibet
1428 1342 1546 1384 sphaera
1569 1353 1623 1371 suo
1643 1341 1776 1382 quodam
1798 1348 1885 1382 paeto

1060 1388 1186 1429 sphaerae
1201 1394 1272 1417 sunt
1287 1397 1400 1416 omnes.
1433 1384 1533 1416 Stellae
1548 1384 1577 1414 in
1593 1383 1700 1425 quavis
1716 1383 1800 1414 stella
1815 1391 1885 1413 sunt

1060 1438 1187 1466 cuncta‘,
1200 1429 1229 1459 111
1246 1428 1450 1459 animantibus
1464 1427 1641 1463 animatum,
1654 1426 1749 1456 mixta
1764 1426 1794 1456 in
1810 1426 1884 1456 mix-

1062 1473 1098 1503 tis
1115 1472 1216 1502 omnia
1235 1471 1345 1502 latent:
1370 1471 1445 1501 adeo
1461 1478 1495 1501 ut
1510 1470 1596 1501 facile
1612 1476 1677 1500 tum
1693 1481 1730 1499 ex
1745 1469 1886 1499 omnibus

1062 1516 1090 1545 in
1117 1515 1216 1545 omnia
1242 1515 1294 1545 fiat
1321 1514 1465 1549 influxus,
1492 1521 1556 1543 tum
1584 1512 1676 1542 ferme
1702 1512 1731 1542 in
1762 1511 1888 1553 singulis

1062 1566 1171 1600 praeter
1187 1557 1308 1600 propria
1324 1557 1408 1598 signa
1423 1556 1533 1586 indicia
1547 1555 1687 1597 quaedam
1711 1554 1748 1584 ad
1772 1554 1887 1595 reliqua

1061 1598 1183 1631 lateant.
1230 1600 1335 1638 Mitto,
1365 1599 1448 1641 quod
1479 1599 1509 1629 111
1539 1599 1670 1628 Saturno
1700 1608 1759 1627 non
1790 1597 1885 1627 solum

1062 1652 1169 1674 natura
1192 1642 1333 1684 quaedam
1357 1650 1401 1673 est
1424 1641 1571 1672 hlereurii
1593 1648 1685 1682 atque
1710 1641 1818 1676 Lunae,
1837 1639 1888 1670 sed

1062 1687 1149 1717 etiam
1178 1686 1373 1727 reliquorum.
1421 1686 1457 1715 In
1481 1685 1560 1714 Jove
1583 1694 1643 1713 non
1666 1682 1756 1713 modo
1780 1690 1889 1713 natura

1064 1729 1198 1766 Veneris,
1220 1728 1271 1759 sed
1296 1728 1419 1769 insuper
1441 1727 1580 1757 aliorum.
1627 1727 1664 1756 In
1689 1725 1756 1755 Sole
1778 1725 1889 1755 Martis

1063 1780 1155 1814 atque
1170 1777 1359 1802 cunctorum.
1390 1770 1495 1807 Mitto,
1511 1769 1593 1811 quod
1609 1768 1744 1798 similiter
1759 1768 1789 1798 111
1804 1767 1890 1798 nobis

1063 1815 1101 1845 ad
1117 1822 1209 1857 caput
1231 1814 1391 1856 pulmones
1413 1813 1585 1843 referuntur
1600 1819 1629 1841 et
1645 1811 1827 1848 stomachus,
1844 1822 1888 1841 re-

1066 1858 1185 1899 liquave
1205 1857 1361 1898 deinceps:
1387 1856 1425 1886 ad
1441 1867 1492 1886 cor
1509 1855 1631 1897 spiritus
1653 1862 1745 1895 atque
1766 1853 1844 1891 bilis,
1861 1860 1890 1883 et

1066 1901 1192 1942 reliqua:
1210 1900 1248 1930 ad
1259 1900 1348 1941 jecur
1363 1898 1485 1940 sanguis
1500 1906 1528 1928 et
1545 1896 1687 1938 genitalia
1700 1897 1845 1933 membra,
1862 1904 1891 1926 et

1066 1952 1174 1974 caetera
1195 1949 1420 1984 consequenter.
1467 1940 1584 1982 Collige
1607 1940 1740 1976 tandem,
1763 1939 1840 1970 sicut
1861 1939 1891 1968 in

1067 1998 1191 2028 corpore
1216 1993 1319 2016 nostro
1342 1992 1443 2027 partes
1464 1983 1602 2026 partibus
1623 1982 1830 2013 obsecundant
1852 1981 1891 2012 ad

1066 2029 1195 2060 officium
1212 2039 1346 2070 prorsuS,
1362 2036 1392 2058 et
1411 2028 1510 2057 forsan
1534 2026 1572 2056 ad
1594 2033 1827 2067 argumentum:
1852 2025 1893 2055 ita

1067 2080 1165 2102 totum
1183 2072 1342 2108 mundum,
1352 2071 1440 2112 eujus
1455 2081 1524 2112 pars
1535 2076 1578 2099 est
1592 2080 1701 2110 corpus
1713 2068 1892 2104 humanum,

1068 2115 1129 2145 suis
1144 2114 1252 2156 passini
1270 2113 1385 2144 indiciis
1406 2113 1444 2143 ad
1468 2120 1569 2143 nostra
1584 2111 1762 2141 conducere.
1809 2110 1894 2141 Sicut

1068 2158 1145 2188 enim
1163 2158 1192 2187 111
1209 2157 1294 2187 nobis
1309 2157 1409 2186 omnia
1425 2156 1559 2185 membra
1574 2154 1716 2184 virtutem
1741 2165 1830 2183 unani
1852 2165 1895 2183 se-

1069 2208 1208 2242 quuntur
1229 2199 1391 2241 genitalem
1417 2206 1509 2240 atque
1534 2197 1746 2233 formatricem,
1770 2208 1840 2238 quae
1864 2195 1893 2225 in

1070 2244 1141 2285 ipsis
1163 2243 1250 2273 etiam
1267 2249 1478 2273 conservatur:
1504 2240 1544 2271 sie
1566 2239 1666 2270 omnia
1686 2250 1812 2280 corpora
1834 2250 1894 2268 una

1070 2298 1137 2317 cum
1162 2285 1309 2328 eiusmodi
1326 2284 1490 2315 virtutibus
1511 2283 1610 2325 ipsum
1634 2281 1764 2312 universi
1786 2293 1896 2323 corpus

1071 2329 1258 2370 similemque
1275 2328 1416 2358 virtutem
1438 2327 1504 2368 ejus
1526 2325 1638 2367 pariter
1653 2324 1844 2361 comitantur,
1864 2331 1895 2354 ut

1072 2372 1144 2402 nihil
1160 2372 1284 2402 fortasse
1308 2371 1345 2400 sit
1368 2370 1489 2405 mirum,
1504 2380 1540 2398 ex
1558 2368 1697 2398 universo
1711 2367 1797 2409 signa
1812 2366 1897 2397 nohis

1071 2414 1297 2445 accommodata
1316 2412 1429 2455 percipi
1446 2423 1540 2453 posse.
1587 2411 1646 2441 Sed
1662 2422 1697 2440 ea
1711 2409 1845 2451 quidem,
1864 2417 1897 2439 ut

1073 2457 1142 2487 inde
1158 2464 1350 2498 praestantur,
1365 2454 1571 2486 communiora
1586 2453 1744 2483 videntur:
1766 2452 1796 2482 in
1812 2451 1897 2482 nobis

1073 2508 1173 2530 autem
1190 2499 1229 2529 ad
1242 2500 1404 2529 humanam
1417 2497 1563 2528 accedunt
1580 2496 1802 2538 proprietatem¹
1821 2494 1898 2525 Inde

1074 2542 1152 2572 enim
1168 2542 1206 2572 ad
1222 2539 1559 2582 onmiaquodammodo
1575 2539 1736 2581 pertinent,
1748 2537 1828 2579 apud
1846 2548 1898 2566 nos

1076 2585 1238 2614 trahuntur
1262 2584 1300 2614 ad
1324 2583 1486 2614 hominem.
1533 2583 1645 2612 Verum
1670 2581 1745 2611 sicut
1773 2581 1801 2609 in
1826 2578 1898 2609 ezelo

1076 2626 1232 2668 designata
1258 2638 1316 2657 non
1342 2637 1458 2667 semper
1484 2624 1637 2660 eveniunt,
1665 2623 1801 2652 obstante
1827 2631 1897 2650 non-

1077 2680 1232 2710 nunquam
1250 2670 1296 2699 vel
1311 2668 1428 2698 diversa
1443 2678 1543 2705 eausa,
1560 2667 1605 2697 vel
1621 2666 1747 2696 adversa
1762 2663 1895 2693 materia:

1122 2726 1191 2762 (bg
