2201 2990
795 147 1067 181 PRAEFATIO
1095 148 1350 182 EDITORIS.
1905 158 1937 191 ix

200 251 362 286 lectiones
388 248 597 292 colligerem.
650 246 810 285 Quorum
838 245 1008 279 librorum
1036 251 1070 279 et
1098 247 1418 290 manuscriptorum
1444 254 1478 281 et
1498 249 1744 292 impressorum
1766 255 1933 296 ludicen),

198 306 403 351 interposito
421 306 463 338 de
481 303 631 349 singulis
645 303 792 348 judiciO,
813 302 1077 349 Prolegomenis
1100 304 1340 349 adjunximus.

245 365 385 408 Duplex
405 366 523 396 autem
550 361 687 394 exstitit
707 360 989 394 Plotinianorum
1018 373 1163 404 operum
1188 362 1360 396 recensio:
1393 364 1504 397 altera
1523 363 1721 405 Eustochii,
1742 368 1931 414 Porphyrii

196 425 314 456 altera.
378 420 482 457 Nam,
515 418 580 452 etsi
611 418 809 462 antiquitus
844 419 947 461 plura
977 418 1315 453 circumferebantur
1346 422 1551 467 apographa
1583 422 1722 456 illorum
1752 425 1930 467 librorum,

193 480 333 514 tertiam
351 477 587 512 recensionem
606 476 714 509 fuisse
733 475 864 509 Amelii
892 476 921 509 si
940 476 1019 520 quis
1038 477 1129 510 forte
1147 477 1322 521 opinetur,
1341 478 1370 511 is
1395 480 1488 524 legat
1511 479 1597 513 mihi
1619 480 1788 514 disertum
1809 485 1850 516 de
1869 486 1932 520 hoc

195 536 335 570 homine
363 534 519 580 Longini
545 534 788 567 testimonium
817 534 924 578 (apud
950 535 1189 579 Porphyrium
1218 536 1260 568 de
1281 535 1365 569 Vita
1394 536 1538 577 Plotini,
1557 537 1665 572 XIX.
1693 551 1725 583 p.
1749 542 1867 585 125.);
1899 550 1931 576 et

192 599 354 638 quartam
373 592 560 631 exstitisse,
580 592 707 631 Procli,
726 592 786 635 qui
812 591 847 625 in
869 592 1051 626 Plotinum
1070 598 1327 626 commentatus
1353 599 1440 633 erat,
1460 594 1548 628 nihil
1574 601 1637 636 est,
1656 598 1750 640 quod
1769 599 1932 633 credibile

193 651 310 685 faciat.
354 650 376 684 J
379 662 435 684 am
460 662 539 683 cum
562 650 666 683 hodie
686 650 933 695 Porphyriana
952 651 1105 684 recensio
1124 656 1247 697 regnet
1266 663 1328 695 per
1345 651 1453 685 libros
1473 664 1565 693 mss„
1584 666 1671 697 quos
1691 656 1782 695 novi,
1802 668 1932 695 omnes,

192 714 381 753 supersunt
399 714 516 741 tamen
535 708 641 741 etiam
665 708 810 741 alterius
837 708 909 741 sive
928 708 1193 748 Eustochianae,
1211 709 1309 742 haud
1328 710 1496 755 ambigua
1514 712 1685 757 vestigia:
1714 714 1807 746 unde
1825 714 1934 759 conji—

192 779 267 802 cere
292 767 414 811 possis‚
433 767 523 799 hanc
547 767 693 799 alteram
713 777 853 810 quoque
877 767 919 799 ad
940 767 1047 800 medii
1066 779 1177 811 usque
1196 767 1261 801 aevi
1282 768 1399 811 priora
1418 770 1547 802 saecula
1566 771 1783 813 perdurasse.
1837 772 1934 805 Indi-

191 827 269 859 dem
297 826 362 858 hoc
388 830 480 858 recte
506 824 668 870 colligere
695 823 795 857 nobis
814 823 975 857 videmur
993 835 1114 868 posse:
1141 825 1328 859 indulsisse
1355 826 1423 859 sibi
1450 828 1610 861 nonnihil
1631 828 1871 873 Porphyrium
1897 830 1933 863 in

194 883 404 917 Plotinianis
431 882 529 915 libris
557 882 769 927 redigendis,
793 893 905 926 neque
931 887 1049 916 tamen
1077 888 1228 923 tantum,
1248 889 1421 928 quantum
1448 885 1585 929 aliquot
1608 886 1673 919 viri
1701 887 1794 920 docti
1822 900 1934 932 nuper

191 941 359 985 suspicati
386 946 479 974 sunt.
532 940 656 984 Neque
683 939 786 975 enim.
806 939 836 973 si
855 941 907 973 vel
927 941 1079 974 maxime
1098 941 1247 981 volebat,
1266 943 1360 985 quod
1388 942 1503 986 ipsum
1531 956 1600 977 non
1628 950 1776 984 constat,
1796 951 1934 989 poterat

190 999 377 1045 insigniter
399 1000 452 1032 vel
476 999 684 1032 detruncare
702 999 754 1031 vel
777 997 991 1041 interpolare
1013 999 1120 1032 libros
1148 999 1321 1045 magistri,
1341 1002 1481 1044 quando
1508 1002 1661 1041 sciebat3
1691 1004 1784 1047 quod
1807 1008 1841 1036 et
1859 1004 1933 1047 ipse

192 1062 373 1096 memorat,
392 1061 529 1090 exstare
556 1057 746 1089 eorundem
771 1055 841 1089 alia
867 1055 1012 1100 insuper
1029 1058 1199 1100 exempla,
1219 1069 1300 1100 quae
1325 1058 1385 1091 alii
1406 1058 1599 1093 Plotiniani
1619 1061 1753 1094 alumni
1778 1061 1930 1105 posside-

191 1120 280 1155 rent,
299 1127 378 1149 cum
406 1114 483 1148 aliis
511 1114 812 1148 communicarent
835 1119 870 1147 et
894 1126 956 1157 per
974 1126 1099 1148 manus
1127 1115 1317 1148 traderent.
1363 1116 1469 1157 (Vide
1488 1129 1568 1161 quae
1587 1118 1652 1152 hac
1671 1120 1713 1152 de
1734 1131 1772 1152 re
1797 1131 1877 1153 cum
1896 1119 1932 1152 111

192 1172 454 1219 Prolegomenis
474 1176 549 1205 tum
569 1173 613 1205 ad
632 1172 754 1206 Vitam
775 1171 920 1211 Plotini,
938 1177 1014 1205 tum
1037 1171 1075 1206 in
1094 1172 1346 1206 Annotatione.
1375 1185 1407 1217 p.
1424 1177 1482 1214 85,
1500 1177 1580 1209 140.
1596 1176 1640 1210 A.
1675 1176 1756 1210 361.
1772 1177 1816 1210 A.
1850 1176 1932 1211 364.

192 1232 236 1264 D.
270 1233 352 1264 423.
372 1231 414 1264 Β.
448 1229 530 1263 463.
551 1230 589 1263 [¹.
610 1229 817 1273 posuimus.)

246 1289 426 1322 Hactenus
457 1288 500 1320 de
526 1287 639 1320 causis
667 1287 841 1320 universae
869 1287 1023 1326 Criticae,
1045 1299 1150 1331 quam
1180 1289 1285 1333 vulgo
1312 1289 1471 1322 altiorem
1500 1297 1635 1325 vocant.
1689 1292 1731 1325 In
1759 1293 1933 1338 singulari

192 1347 325 1381 Critica
343 1346 537 1379 factitanda
554 1345 617 1377 has
632 1345 719 1377 duas
738 1345 826 1377 mihi
845 1346 938 1390 leges
956 1345 1100 1388 scripsi:
1123 1345 1286 1389 primam,
1301 1346 1526 1381 hortantibus
1541 1349 1648 1382 etiam
1663 1351 1931 1391 redemtoribus,

191 1410 230 1438 ut
250 1404 448 1438 universam
467 1403 599 1436 Silvam
618 1402 738 1436 Variae
758 1402 936 1435 Lectionis
963 1402 1029 1436 sub
1047 1408 1214 1436 contextu
1233 1415 1410 1447 ponerem.
1463 1405 1567 1445 Quod
1586 1418 1688 1440 nemo
1707 1408 1840 1442 factum
1867 1409 1933 1442 im-

191 1461 354 1506 probabit
378 1461 415 1494 in
443 1472 483 1493 eo
509 1460 689 1503 scriptore,
713 1460 774 1504 qui
802 1460 956 1504 primum
981 1460 1140 1494 codicum
1167 1473 1248 1495 mss.
1273 1462 1439 1496 subsidiis
1466 1464 1660 1498 instructus
1687 1466 1724 1499 in
1751 1467 1931 1510 publicum

191 1520 318 1564 prodit.
369 1519 419 1552 Et
437 1530 507 1563 quo
524 1517 638 1563 magis
657 1517 792 1551 alienus
811 1529 889 1551 sum
908 1518 952 1551 ab
971 1530 1011 1551 ea
1029 1519 1244 1564 arrogantia,
1258 1524 1298 1552 ut
1318 1532 1373 1553 me
1392 1533 1645 1567 usquequaque
1664 1535 1785 1557 verum
1804 1525 1932 1559 vidisse

190 1577 390 1622 praedicem,
408 1577 474 1610 hoc
497 1575 614 1609 minus
633 1575 775 1609 Criticis
802 1576 893 1609 hanc
916 1576 1217 1620 opportunitatem
1240 1578 1425 1621 praecisam
1444 1580 1546 1613 velim
1571 1592 1613 1614 ex
1632 1581 1687 1615 his
1711 1582 1832 1626 copiis,
1851 1595 1932 1627 quae

190 1647 284 1670 nunc
308 1635 463 1679 primum
491 1633 773 1678 suppeditantur,
791 1633 916 1667 ubiubi
935 1634 1043 1668 velint
1068 1639 1130 1668 aut
1154 1635 1300 1679 possint,
1319 1637 1490 1670 medelam
1515 1639 1663 1682 parandi
1684 1639 1728 1673 iis
1752 1641 1931 1681 membris,

189 1705 269 1738 quae
287 1692 483 1726 etiamnum
501 1693 623 1725 luxata
642 1696 726 1725 sunt
744 1697 806 1726 aut
824 1704 966 1737 quoquo
985 1694 1088 1726 modo
1107 1695 1196 1727 male
1215 1695 1349 1728 affecta.

238 1751 405 1784 Alterum
427 1750 516 1783 mihi
540 1750 693 1794 imposui
717 1750 816 1790 illud,
835 1755 875 1784 ut
897 1763 940 1784 ne
965 1753 1182 1797 conjecturas
1201 1765 1296 1787 meas
1321 1754 1501 1787 contextui
1521 1755 1765 1795 obtruderem;
1795 1757 1854 1789 sed
1872 1768 1929 1790 eas

183 1809 329 1855 judiciis
347 1809 389 1842 de
408 1807 518 1842 Varia
537 1808 703 1841 Lectione
722 1808 992 1852 interponerem.
1043 1809 1121 1844 Abs
1143 1823 1184 1844 ea
1201 1823 1325 1845 norma
1343 1812 1464 1856 paucis
1483 1814 1673 1846 admodum
1692 1814 1774 1847 locis
1793 1815 1928 1854 recessi,

189 1868 223 1901 h.
242 1879 270 1901 e.
289 1867 344 1906 iis,
363 1866 425 1900 ubi
444 1866 561 1910 inepte
587 1866 791 1911 religiosum
816 1866 940 1900 fuisset
958 1867 1122 1913 frugibus
1147 1869 1298 1903 inventis
1322 1871 1467 1916 glandes
1489 1871 1639 1905 retinere
1658 1873 1766 1912 velle3
1795 1884 1826 1906 v.
1844 1884 1872 1906 c.
1893 1874 1929 1906 in

189 1927 263 1959 loco
281 1924 346 1959 VI.
366 1927 397 1961 7.
420 1926 477 1958 24.
505 1936 538 1968 p.
554 1923 636 1961 716.
657 1924 695 1958 C.
716 1924 807 1957 tueri
825 1925 914 1958 ista:
941 1925 976 1958 τί
994 1925 1029 1965 δι’]
1047 1926 1284 1966 ἀποσεμνύινετε
1301 1933 1370 1962 τοῖς
1389 1930 1544 1967 σώμασιν,
1564 1934 1625 1963 aut
1644 1942 1744 1974 aeque
1762 1930 1929 1964 vitiosum

189 1995 207 2017 e
224 1982 384 2029 margine
403 1983 593 2016 adsciscere
617 1983 726 2016 illud:
753 1987 822 2018 τοῖς
841 1983 992 2022 ὄμμασιν,
1012 1985 1070 2018 ubi
1091 1996 1176 2018 usus
1194 1986 1359 2029 loquendi
1382 1986 1582 2031 disertaque
1601 1987 1802 2021 testimonia
1820 1988 1928 2032 scrip-

189 2047 317 2080 torum,
337 2040 602 2074 Platonicorum
628 2040 746 2081 etiam,
764 2041 866 2074 unice
890 2041 1098 2087 flagitabant
1123 2044 1217 2087 quod
1236 2044 1416 2077 dedimus:
1443 2050 1513 2079 τοῖς
1531 2045 1695 2085 ὀνόμασιν.
1748 2046 1928 2080 Sexcentis

189 2103 305 2132 autem
332 2098 427 2139 locis,
447 2099 500 2131 vel
527 2098 644 2141 potius
671 2098 820 2144 singulis
840 2099 911 2133 fere
938 2100 1088 2145 paginis,
1108 2101 1233 2134 misere
1260 2107 1437 2146 corrupta,
1459 2104 1624 2137 lacunosa
1643 2105 1695 2137 vel
1714 2104 1926 2148 interpolata

189 2156 366 2200 scriptoris
394 2156 506 2189 oratio
533 2168 553 2189 a
579 2156 679 2190 nobis
706 2157 743 2190 in
768 2157 945 2202 integrum
970 2158 1133 2192 restituta
1161 2165 1213 2193 est
1237 2171 1301 2204 ope
1328 2161 1651 2205 manuswiptorum
1678 2162 1849 2202 codicum,
1872 2164 1925 2195 vel

190 2213 337 2247 aliorum
356 2214 579 2257 scriptorum,
597 2214 659 2259 qui
678 2215 881 2249 Plotiniana
899 2216 1005 2249 verba
1031 2217 1234 2251 citaverant.
1289 2218 1362 2251 Nec
1389 2219 1506 2252 minus
1533 2231 1576 2253 ex
1603 2220 1702 2253 libris
1729 2232 1810 2253 mss.
1830 2225 1864 2254 et
1882 2232 1923 2254 ex

191 2270 345 2304 Eusebio
363 2271 497 2315 aliquot
515 2272 689 2315 capitibus
708 2273 872 2307 auximus
890 2274 953 2307 has
973 2273 1173 2309 Enneadas.

238 2328 351 2362 Venio
378 2329 421 2361 ad
444 2329 782 2373 interpretationem.
836 2332 948 2377 Cujus
973 2333 1129 2366 muneris
1154 2338 1270 2377 partes
1295 2340 1395 2368 erant
1420 2335 1475 2368 hae
1500 2335 1672 2368 maxime:
1699 2336 1865 2379 primum,
1884 2341 1923 2369 ut

189 2386 323 2419 aditum
342 2386 385 2418 ad
403 2385 559 2431 singulos
576 2387 684 2421 libros
703 2388 889 2429 munirem,
908 2389 974 2423 hoc
991 2395 1043 2423 est
1062 2396 1101 2424 ut
1121 2391 1423 2425 Introduc-tionem
1451 2393 1493 2425 iis
1516 2393 1780 2437 praemitterem,
1799 2395 1835 2427 111
1853 2406 1921 2438 qua

190 2444 302 2476 fontes
330 2442 568 2477 indicarentur
587 2446 662 2490 ejus
681 2446 862 2486 doctrinae,
881 2459 987 2491 quam
1015 2460 1055 2481 eo
1082 2448 1119 2481 111
1138 2449 1227 2482 libro
1245 2450 1419 2493 explicare
1446 2450 1600 2484 instituit
1621 2452 1848 2495 philosophus
1875 2456 1919 2489 et,

188 2501 302 2544 quoad
323 2500 397 2544 ejus
424 2500 498 2533 fieri
525 2508 652 2544 posset,
671 2504 745 2549 ejus
771 2505 940 2537 doctrinae
960 2506 1218 2540 vicissitudines
1243 2508 1549 2547 afflunbrarentur,
1568 2508 1650 2548 sive,
1670 2514 1709 2542 ut
1728 2520 1798 2542 11110
1817 2508 1920 2541 verbo

188 2559 377 2597 absolvam,
399 2562 439 2591 ut
465 2558 690 2594 exhiberetur
719 2560 932 2595 Constitutc'o
959 2561 1036 2603 loci,
1061 2565 1102 2597 de
1129 2576 1199 2608 quo
1225 2570 1400 2610 ageretur.
1454 2566 1590 2599 Deinde
1618 2566 1653 2598 in
1680 2565 1919 2599 Annotatione

188 2617 428 2651 concinnanda
454 2615 542 2649 illud
562 2622 642 2650 ante
666 2619 783 2652 onmia
802 2621 1031 2663 spectandum
1050 2627 1136 2661 erat,
1155 2627 1195 2655 ut
1214 2622 1373 2656 Platonis
1392 2623 1666 2667 Aristotelisque
1684 2630 1717 2656 et
1736 2623 1919 2666 utriusque

189 2679 401 2708 sectatorum
428 2678 462 2707 et
488 2674 720 2718 interpretum
739 2682 895 2711 veterum
923 2679 999 2718 loci,
1018 2691 1105 2723 quos
1132 2670 1318 2724 scriptores
1345 2681 1461 2714 ubivis
1488 2681 1559 2714 fere
1585 2681 1725 2724 respicit
1746 2680 1918 2720 Plotinus,

237 2741 327 2764 vor..
350 2741 374 2764 1.
1158 2737 1179 2769 b
