2201 2990
257 194 332 231 322

262 276 488 318 proprietatem,
505 286 541 304 ex
563 284 624 315 qua
644 272 724 303 calor
743 270 920 302 manifestus
936 269 1089 299 exoritur:

263 319 315 361 qui
333 330 391 349 non
408 326 469 349 tam
489 318 519 347 in
538 317 603 358 ipsa
617 316 695 357 ignis
710 315 818 351 forma,
835 325 927 354 quam
943 313 972 342 in
990 312 1092 353 aliquo

264 362 400 403 subjecto
418 361 599 402 suscipitur:
625 359 702 388 inter
722 357 787 387 haec
812 356 863 387 ubi
882 356 934 393 ait,
949 356 979 385 in
996 354 1093 396 quali-

266 413 362 436 tatum
374 404 528 447 principiis
540 400 826 443 exemplaribusque
836 410 899 429 esse
911 406 957 429 act
962 410 996 428 us
1006 409 1095 439 quos-

265 449 335 479 dam
351 448 415 478 loco
431 447 625 489 qualitatum,
638 456 707 486 quae
722 442 822 485 palam
839 442 868 472 in
885 441 1028 482 subjectis
1042 452 1094 482 ap-

266 499 383 533 parent,
400 499 486 533 potes
501 490 591 520 etiam
606 488 648 518 ita
661 487 774 528 legere:
802 486 994 521 Qualitatzmn
1003 484 1095 525 priu-

267 536 350 577 cz'p'ia
364 533 553 575 exemplaria
565 536 651 561 actus
662 534 734 560 slent
746 540 860 564 eoram,
873 527 982 568 quibus
993 527 1097 568 primo

268 580 383 608 insunt.
431 578 539 617 Neque
570 584 689 604 rursum
719 570 886 602 absurdum
913 569 1015 605 fuerit,
1047 568 1098 598 ubi

268 623 321 659 ait,
343 628 481 651 naturam
505 617 628 659 quidem
650 614 785 646 essentiae
808 613 928 643 insitam
951 623 1014 642 esse
1034 622 1099 652 spe-

269 666 341 696 eiem
367 663 472 705 ipsius,
490 669 543 692 ant
564 668 676 695 artum,
694 657 744 688 sed
762 655 949 686 affectionem
966 654 996 684 in
1017 653 1099 684 aliud

395 173 737 217 ARGUMENT.
769 172 998 212 MARSIL.
1034 170 1135 210 FIC.
1170 169 1227 209 IN
1263 168 1371 207 LIB.
1405 166 1476 205 VI.
1508 164 1764 204 ENNEAD.
1800 164 1854 202 II.

1136 274 1353 301 transeuntem,
1388 263 1446 293 dici
1481 262 1582 304 potius
1619 261 1814 303 qualitatem:
1853 260 1969 290 dictum

1136 308 1285 351 ejusmodi
1315 306 1477 349 dupliciter
1505 304 1693 346 intelligere3
1719 304 1818 346 primo
1845 303 1969 344 quidem

1141 354 1190 391 (ut
1213 351 1360 390 diximus)
1378 348 1488 379 scilicet
1511 348 1727 390 proprietatem
1743 346 1774 376 in
1790 345 1887 387 specie
1908 346 1973 387 ipsa

1139 396 1281 426 latentem
1304 405 1367 423 esse
1393 392 1488 434 ipsius
1514 390 1715 421 differentiam
1741 397 1834 431 atque
1859 396 1973 425 actum,

1138 444 1335 481 apparentem
1352 446 1424 465 vero
1441 435 1472 464 in
1487 433 1613 464 materia
1628 433 1814 474 qualitatem.
1854 431 1974 461 Deinde

1139 492 1261 512 rursum
1272 479 1461 510 affectionem
1473 477 1545 507 huic
1560 476 1669 518 speciei
1684 475 1850 517 propriam,
1862 474 1891 504 in
1908 485 1973 504 ma-

1141 524 1216 555 teria
1244 522 1367 565 propria
1393 521 1545 562 vigentem
1572 519 1703 555 assidue,
1730 518 1808 549 sieut
1835 517 1915 548 calor
1945 517 1974 546 in

1142 568 1224 609 igne,
1240 577 1300 596 non
1317 572 1378 595 tam
1401 563 1590 605 qualitatem,
1606 573 1698 603 quam
1714 569 1815 592 actum
1832 560 1911 602 ignis
1925 571 1976 590 ex-

1142 608 1358 640 istimandam:
1383 607 1561 649 qualitatem
1584 616 1655 635 vero
1675 604 1829 646 praecipue
1852 602 1976 644 quando

1145 652 1251 683 transit
1266 652 1296 681 in
1312 662 1434 693 aquam.
