2201 2990
320 170 371 218 96
433 166 778 207 ARGUMENT.
803 166 970 206 MARS.
994 166 1098 205 FIC.
1122 166 1185 206 IN
1207 165 1317 205 LIB.
1341 164 1415 203 VI.
1439 163 1694 204 ENNEAD.
1716 164 1934 204 PRIMAE.

321 264 486 306 aliquando
511 277 628 306 cogere,
652 265 754 307 sicque
774 264 932 295 oculorum
956 272 1080 294 tuorum
1106 274 1155 293 ra-

322 307 388 338 dios
403 307 442 338 ad
459 316 488 339 te
503 308 666 345 reflectere,
683 315 736 338 aut
752 307 857 338 saltem
874 307 915 337 ita
930 305 1157 348 quodammodo

323 351 503 382 terminare:
528 363 588 382 non
609 351 688 381 enini
711 350 848 392 passione
871 362 925 380 sua
940 348 1158 380 interveniente

324 404 342 423 a
357 402 387 424 te
401 394 530 436 perspici
545 394 669 424 volunt:
695 393 746 424 sed
762 393 862 423 forsan
884 391 1065 434 praepotenti
1081 402 1158 432 qua-

324 436 394 467 dam
413 437 524 468 virtute
537 437 679 468 movendi
696 435 825 467 visuales
839 435 918 466 oculi
934 435 979 465 tui
1000 434 1099 464 radios
1114 433 1154 463 ad

325 486 354 510 te
369 479 525 521 repellere,
541 480 589 511 vel
609 480 640 510 in
656 491 686 510 se
701 479 873 517 terminare,
889 486 981 519 atquc
996 477 1038 507 ita
1054 476 1108 506 tibi
1124 488 1155 506 se

325 530 412 553 notos
441 523 569 554 efficere.
615 522 676 553 Sed
702 522 740 552 de
763 521 829 552 visu
853 533 889 551 ex
913 526 1014 550 mente
1040 518 1154 549 Plotini

324 565 396 596 alibi
418 565 651 608 disputabimus.
698 566 790 595 Potes
813 572 843 594 et
866 571 899 594 tu
922 562 1008 593 aliter
1027 573 1077 592 eos
1096 573 1158 592 cer-

326 619 396 639 nere
412 620 472 639 non
488 621 524 640 ex
540 609 647 640 intimo
662 607 786 649 quidem
802 607 880 643 visu,
894 605 945 636 sed
961 605 1069 635 intimo
1083 616 1158 646 quo-

326 651 395 682 dam
423 658 516 693 atque
541 651 673 682 coelesti:
699 650 721 680 si
743 649 868 691 quando
890 648 928 679 ad
951 648 1033 678 hunc
1058 648 1159 689 ipsum

327 694 463 736 undique
478 702 507 725 te
521 693 684 736 collegeris.
731 694 808 730 Quae
820 703 892 722 vero
906 690 1085 721 differentiae
1100 690 1159 720 sint

327 737 405 768 iuter
420 737 546 768 deorum
558 737 795 776 daemonumque
811 734 933 769 sermm,
946 734 1008 764 sive
1020 733 1160 764 aethereae

327 780 386 811 sint
410 789 560 822 utraeque‚
584 780 645 810 sive
668 779 765 820 igneae
787 777 856 815 sint,
871 777 917 807 vel
940 781 1051 807 aereae:
1080 777 1160 806 Iam-

326 822 445 854 bliclius
461 835 496 853 ex
511 830 611 853 mente
625 820 845 863 lEgyptiorum
858 820 899 850 sic
910 820 1042 850 breviter
1051 819 1156 861 aperit.

328 866 448 908 Species
460 866 582 908 quidem
600 865 647 895 dei
663 863 825 905 cujuslibet
841 862 968 904 simplex
982 863 1081 904 figura
1096 874 1159 893 mo-

326 908 428 950 doque
450 909 536 939 nobis
559 908 702 938 offertur:
727 906 874 936 (hemonis
890 918 961 936 vero
982 905 1154 947 multiplex.

328 952 387 982 Dei
412 963 517 982 rursus
547 951 658 992 species
684 949 856 980 mutabilis:
883 949 1030 979 daemonis
1053 956 1154 978 autem

325 995 385 1025 cita
400 995 543 1024 varietate
561 992 723 1023 mutabilis.
772 993 863 1029 Item,
881 992 939 1022 Dei
956 992 1055 1022 forma
1069 1003 1157 1021 vene-

326 1037 419 1067 randa
435 1036 522 1067 simul
539 1044 631 1077 atque
647 1035 789 1078 propitia,
806 1046 991 1076 prorsusque
1006 1034 1154 1075 benigna:

325 1080 470 1111 daemonis
482 1091 539 1110 non
551 1079 716 1109 reverenda
726 1078 834 1115 solum,
846 1078 897 1108 sed
911 1077 1050 1108 verenda.
1076 1079 1159 1108 Prte-

325 1131 405 1153 terea
429 1123 565 1153 divinum
590 1121 796 1164 spectaculum
820 1121 969 1151 mundum
991 1120 1092 1151 subito
1115 1128 1159 1150 to-

326 1173 391 1196 tum
412 1166 536 1207 implere
553 1165 692 1195 videtur:
717 1164 919 1195 (la-monicum
941 1171 1022 1194 certo
1044 1163 1108 1193 loco
1129 1174 1159 1193 se

327 1218 483 1239 monstrat.
531 1210 651 1239 Rursus
674 1207 777 1237 divina
801 1209 849 1245 (ut
877 1207 917 1237 ita
944 1206 1087 1245 dixerim)
1111 1218 1159 1236 co-

328 1253 457 1283 ruscatio
470 1253 529 1282 ictu
544 1252 632 1282 etiam
651 1250 858 1292 intelligentia*
871 1249 1002 1280 velocior
1017 1258 1072 1285 est,
1085 1249 1160 1289 agit-

327 1309 386 1339 que
402 1297 543 1328 celerius:
561 1293 729 1324 (lanionia-a
741 1294 826 1324 velox
841 1293 974 1335 quidem.
988 1292 1038 1322 sed
1054 1292 1162 1322 mentis

328 1341 514 1371 velocitatem
527 1350 584 1369 non
598 1338 668 1368 satis
680 1345 837 1378 exuperat.
878 1335 1020 1376 Denique
1035 1343 1160 1377 quanta,

328 1384 372 1414 vel
389 1383 497 1425 qualis,
514 1381 560 1412 vel
583 1379 755 1422 eujusmodi
771 1381 879 1416 forma,
897 1378 1157 1421 pulchritudoque

329 1426 475 1457 (hemonis
490 1425 543 1455 tibi
563 1424 722 1456 oeurrerit,
739 1422 967 1464 quodammodo
989 1421 1158 1463 exprimere

329 1479 429 1512 potes:
456 1468 514 1499 Dei
531 1479 602 1498 vero
618 1478 822 1508 numnquam.
868 1468 966 1503 Quam
985 1476 1056 1495 vero
1072 1476 1158 1494 ven(-

1198 262 1304 300 randa,
1321 273 1414 304 quam
1430 261 1563 304 gratiosa
1578 261 1615 291 sit
1636 269 1778 304 utraque,
1795 261 1936 292 Plotinus
1955 262 2029 304 ipse,

1200 305 1339 346 quamvis
1358 316 1417 335 non
1442 304 1583 346 explicet,
1604 311 1704 335 tamen
1732 304 1917 346 quandoque
1940 305 2030 335 etiam

1200 347 1266 389 ipso
1287 359 1375 378 sensu
1398 347 1550 390 percepit:
1575 347 1659 388 quod
1681 347 1807 389 quidem
1828 347 2030 389 Porphyrius,

1201 390 1255 432 qui
1271 391 1349 421 forte
1365 390 1514 427 interfuit,
1530 389 1559 420 in
1577 390 1690 420 Plotini
1706 390 1769 421 vita
1783 398 1922 421 testatur.
1958 390 2032 421 Lib-

1198 444 1266 463 rum
1282 433 1414 475 denique
1434 441 1531 464 totum
1551 432 1593 462 ita
1616 433 1779 463 conclude:
1806 433 1890 464 Sicut
1913 432 2030 471 oculus,

1200 484 1234 507 ut
1255 476 1347 507 solem
1364 476 1476 513 videat,
1499 475 1591 506 debet
1611 487 1684 511 esse,
1708 476 1833 517 fierique
1857 475 1970 512 solaris,
1991 476 2031 507 sic

1199 526 1244 557 tu,
1259 526 1294 550 ut
1308 519 1404 561 ipsam
1421 519 1565 560 suscipias
1580 518 1852 560 pulchritudinem,
1869 530 1939 561 quae
1954 518 2033 549 divi-

1201 573 1259 592 nus
1273 562 1337 604 ipse
1352 562 1522 593 intellectus
1537 561 1650 598 existit,
1666 561 1785 592 dimitte
1804 562 1971 599 materiam,
1988 561 2033 592 di-

1201 604 1288 636 mitte
1311 616 1443 642 sensum,
1460 604 1579 635 dimitte
1603 616 1707 635 rursus
1725 612 1755 634 et
1774 604 1929 635 rationem.
1977 605 2031 635 In-

1202 647 1380 678 tellectualis
1406 656 1480 685 esto,
1510 655 1602 689 atque
1627 647 1796 678 intellectus
1826 647 1924 689 primo
1947 655 2031 685 tuus,

1202 690 1312 721 deinde
1326 691 1459 722 divinus.
1493 691 1582 721 Tunc
1594 690 1718 720 demum
1734 690 1811 720 sicut
1825 690 1932 720 oculus
1947 690 2033 731 aqui-

1202 732 1282 764 linus
1296 733 1326 763 in
1344 733 1454 764 coelum
1471 733 1601 764 volando
1613 733 1763 771 sublatus,
1780 732 1971 775 splendorem
1987 745 2033 764 so-

1203 776 1295 806 larem
1311 784 1403 818 atque
1420 776 1572 807 coelestem
1588 788 1679 818 penes
1694 776 1763 806 solis
1778 775 1878 806 lucem
1894 775 2031 806 intimam

1201 819 1419 849 circumfusum
1440 820 1524 850 velut
1555 831 1645 849 unam
1670 830 1738 849 cum
1762 819 1827 861 ipsa
1854 818 1919 849 luce
1942 818 2031 849 simul

1202 861 1460 903 pulchritudinem
1481 862 1659 899 intuebitur,
1675 862 1715 892 sic
1738 869 1768 892 et
1790 862 1855 903 ipse
1874 873 1930 903 per
1947 861 2033 892 intel-

1200 904 1310 935 lectum
1332 913 1420 935 tuum
1445 904 1482 935 ad
1504 905 1641 935 divinum
1665 905 1850 935 intellectum
1869 905 1934 946 jam
1957 916 2030 947 pro-

1199 959 1330 988 gressus,
1345 947 1419 978 mira
1436 959 1558 989 prorsus
1574 948 1710 978 idearum
1723 948 1798 978 serie
1812 954 2031 985 coruscantem,

1200 999 1293 1031 atque
1316 1002 1353 1020 ex
1383 998 1509 1032 paterna
1531 991 1602 1021 boni
1632 991 1727 1032 ipsius
1756 990 1822 1021 luce
1847 998 2031 1027 manantem,

1201 1033 1299 1075 primo
1313 1033 1437 1074 quidem
1454 1042 1577 1075 aspectu
1595 1033 1826 1064 intellectualem
1841 1032 2031 1075 splendorem

1203 1084 1337 1118 paterna*
1363 1076 1420 1106 luci
1443 1076 1634 1112 continuum,
1659 1076 1742 1107 velut
1769 1087 1864 1107 unum
1890 1075 2033 1118 idemque

1201 1120 1384 1161 conspicies:
1416 1130 1484 1149 mox
1517 1131 1588 1149 vcro
1617 1119 1714 1150 lucem
1744 1119 1868 1160 quidem
1894 1119 2033 1149 animad-

1202 1171 1321 1193 vertens
1335 1174 1398 1192 esse
1414 1162 1535 1204 penitus
1548 1162 1740 1199 uniformem,
1758 1161 1948 1204 splendorem
1961 1173 2033 1192 vero

1202 1205 1430 1246 quodammodo
1446 1205 1662 1235 multiformem
1677 1218 1682 1235 :
1708 1205 1778 1235 item
1794 1204 1891 1235 lucem
1907 1204 2033 1246 quidem

1204 1248 1370 1284 effundere,
1384 1248 1574 1289 splendorem
1587 1259 1657 1278 vero
1672 1247 1787 1278 effundi
1801 1260 1806 1278 :
1824 1248 1960 1289 profecto
1971 1247 2032 1278 dis-

1204 1303 1306 1321 cernes
1323 1293 1369 1329 (ut
1390 1291 1544 1321 Platonico
1560 1290 1681 1332 loquar)
1699 1291 1794 1332 ipsam
1815 1298 1957 1327 mentem,
1974 1290 2034 1321 for-

1205 1346 1284 1364 mam
1308 1334 1403 1375 ipsam
1425 1333 1678 1375 pulchritudinis:
1705 1334 1802 1374 ipsum
1821 1344 1891 1363 vero
1905 1333 2032 1371 bonum,

1201 1377 1372 1418 mentisque
1387 1385 1503 1419 patrem
1523 1389 1585 1407 esse
1606 1376 1842 1418 pulchritudinis
1855 1375 2033 1417 genitorem.

1203 1420 1250 1450 Sic
1267 1429 1296 1451 et
1312 1420 1341 1450 in
1353 1428 1439 1462 patre
1452 1420 1545 1450 filium
1559 1419 1766 1457 admiraberis,
1779 1427 1807 1450 et
1821 1427 1936 1461 patrem
1953 1431 2033 1450 ama-

1202 1463 1248 1493 bis
1263 1464 1291 1493 in
1308 1463 1379 1501 filio,
1391 1471 1561 1505 mutuoque
1577 1463 1736 1504 utriusque
1751 1474 1852 1493 amore
1867 1462 2025 1504 gaudebis.
