2201 2990
230 152 246 171 c
769 134 1145 167 ANNOTATIONES
1170 134 1220 165 IN
1244 133 1443 164 PLOTINI

235 225 274 256 ad
291 224 419 256 Galatas
440 229 471 253 et
493 223 547 253 Jo.
561 221 773 264 Chrysostomi
792 221 911 252 Homil.
927 221 983 251 VI.
1000 220 1029 251 in
1050 230 1078 251 1.
1096 222 1122 248 A
1139 221 1253 251 πόλεως
1268 219 1413 258 ἤθη-δεῖ
1427 220 1488 258 (δὲ)
1506 218 1594 250 αὐτὸν
1608 221 1722 258 πρῶτον
1738 218 1834 250 πάντα
1851 220 1982 259 ὑπογρά-

236 276 337 318 Epist.
354 275 393 306 ad
412 273 552 306 Corinth.
576 285 607 317 p.
624 274 679 315 58.
702 273 755 304 ubi
771 274 970 311 Bataneotes,
987 276 1081 303 Βατα-

238 328 365 365 νειώτης,
385 325 568 368 appellatur.
616 326 687 363 Quo
709 324 748 355 de
771 325 894 355 nomine
917 324 971 366 qui
994 334 1082 354 nosse

237 378 343 420 cupiat
372 389 443 420 quae
470 377 606 419 plurima
632 376 689 406 viri
715 376 798 407 docti
823 375 1032 417 conjecerunt,
1058 373 1083 404 is

239 429 330 460 adeat
346 428 469 460 Fabric.
485 435 516 459 et
532 427 655 458 Harles.
671 426 690 457 l.
703 427 723 457 l.
771 428 912 464 Quorum
929 437 999 456 cum
1020 425 1084 468 ple-

240 481 328 522 rique
343 481 374 510 in
390 492 426 510 eo
441 479 643 516 consentiant,
659 478 717 508 hoc
739 489 850 508 nomen
868 476 1045 519 Porphyris>
1067 487 1085 506 a

242 531 425 563 Christianis
438 530 571 562 inditum
588 541 662 566 esse,
679 537 827 570 tanquam
844 527 1011 559 Christiani
1033 538 1086 557 no-

241 583 331 614 minis
355 582 447 619 hosti,
465 588 573 623 utpote
596 579 648 622 qui
673 579 767 610 libros
791 579 858 609 illos
881 580 990 618 λόγους
1014 579 1087 608 κατὰ

242 634 436 674 Χριστιανοὺς
451 630 681 673 conscripset·it;
705 630 798 661 miror
813 629 957 671 equidem
974 628 1087 659 nemini

242 686 272 716 in
290 692 423 716 mentem
440 683 569 719 venisse,
586 681 669 712 istud
690 692 800 712 nomen
821 680 1009 711 attributum
1025 691 1088 710 esse

243 737 283 768 ab
296 736 491 777 Hieronymo
507 733 619 764 Latino
634 732 793 774 scriptore,
806 739 834 762 et
851 731 878 762 ei
894 730 1088 773 philosopho,

244 787 299 830 qui
325 799 356 818 se
383 787 564 826 Πορφύριον,
590 783 678 825 quasi
706 784 954 825 Purpurconem‚
981 782 1088 813 dicat:

245 838 328 870 unde
343 845 424 869 certe
441 836 575 878 proclive
588 842 653 866 erat
669 834 800 865 eundem
818 834 961 865 Ruhemn
979 833 1090 864 dicere.

247 890 366 921 Graecis
380 896 482 920 autem
500 887 598 917 rubus
616 894 661 916 est
676 885 778 924 βάτος.
823 885 893 916 Jam
909 896 980 915 cum
996 885 1091 923 βαθύ-

249 954 315 973 νους
331 939 531 970 honorifieum
549 944 627 968 esset
642 944 673 967 et
688 936 853 978 profundae
869 936 979 966 mentis
995 936 1092 966 homi·
1110 936 1133 963 C

248 1003 316 1022 nem
341 990 520 1027 declararet,
542 988 634 1027 βάτος
657 999 730 1019 vero
745 1000 768 1018 s.
793 987 891 1018 rubus
913 987 1091 1029 adjunctam

248 1042 375 1073 haberet
409 1040 661 1082 significationem
696 1039 874 1076 sterilitatis,
904 1039 1030 1070 vilitatis
1063 1047 1093 1069 et

248 1093 449 1124 contumaciae
474 1091 602 1132 (Suieer.
621 1091 776 1121 Thesaur.
794 1090 880 1121 Eccl.
898 1102 929 1132 p.
942 1091 1016 1130 671.
1034 1092 1092 1131 sq.)

249 1152 279 1175 et
299 1144 382 1186 apud
402 1144 529 1175 Graecos
547 1142 746 1184 proverbium
764 1141 956 1172 invaluisset:
983 1143 1094 1181 ἄγναμ-

250 1196 392 1226 πτότατος
413 1194 505 1233 βάτος
527 1194 604 1229 αὖος,
622 1193 661 1224 de
676 1205 740 1235 quo
757 1193 842 1235 apud
860 1193 977 1223 Zenob.
996 1194 1024 1224 I.
1046 1194 1095 1223 16.

251 1247 293 1277 ita
309 1245 492 1288 exponitur:
519 1245 566 1276 ἐπὶ
589 1247 640 1275 τοῦ
661 1247 790 1284 σκληροῦ
812 1246 857 1276 καὶ
882 1245 1024 1277 αὐθάδους
1046 1245 1097 1275 τὸν

251 1299 370 1337 τρόπον·
396 1302 416 1315 ⁴⁶
428 1297 542 1327 Bubus
565 1296 662 1327 siccus
685 1296 896 1338 rigidissimus.

252 1357 447 1379 contumaces
470 1355 500 1378 et
523 1347 660 1377 moribus
684 1347 892 1389 }›1·aefract‹)s.”
924 1348 989 1386 (Cf.
1005 1347 1095 1378 etiam

255 1399 380 1441 Adagg.
397 1410 427 1440 p.
444 1399 552 1439 738.);
577 1398 664 1429 facile
679 1398 743 1429 fieri
768 1407 900 1440 poterat,
919 1408 953 1429 ut
971 1398 1099 1430 Christi-

254 1450 315 1487 ani,
333 1449 387 1491 qui
405 1449 615 1491 Porphyrium
638 1450 774 1488 ἀνόητον,
791 1451 1000 1491 insipientem,
1012 1449 1099 1491 judi-

255 1509 370 1538 carent,
387 1512 450 1542 quo
465 1500 650 1531 dementiam
667 1509 697 1531 et
720 1502 917 1543 praefractum
942 1501 1099 1543 ingenium

256 1551 423 1594 Porphyrii
445 1562 508 1581 uno
529 1552 651 1582 nomine
670 1551 872 1589 declararent,
890 1564 959 1583 eum
976 1564 1101 1594 compo-

257 1604 315 1634 sito
337 1602 489 1633 vocabulo
507 1604 706 1641 Βατανόητον,
722 1603 778 1634 i.e.
796 1603 940 1634 Rubeum
965 1604 1102 1646 pet-vica⁴

257 1666 322 1686 cem
350 1662 380 1685 et
406 1654 600 1696 insipientem
630 1654 828 1696 appellarent.

259 1706 333 1736 mihi
349 1717 475 1747 quoquc
499 1705 641 1736 hariolari
664 1705 695 1736 in
716 1706 847 1737 obscuro
869 1706 992 1737 nomine
1008 1709 1102 1737 Βατα-

260 1759 374 1796 νεώτης.
423 1758 524 1788 Mox:
557 1758 603 1788 καὶ
626 1760 760 1796 διορθοῦν
783 1758 870 1788 αὐτοῦ
893 1760 929 1788 τὰ
953 1758 1103 1797 συγγράμ-

259 1822 346 1847 ματα.
377 1808 449 1839 Vid.
467 1808 546 1838 infra
561 1820 651 1850 capp.
667 1809 972 1839 XXIV—XXVI.
990 1817 1018 1839 et
1037 1810 1104 1839 Eu-

259 1861 385 1902 napium
402 1868 496 1902 atque
512 1859 683 1891 Eudociam
702 1860 721 1890 l.
732 1859 750 1891 l.
778 1862 833 1891 Cr.

306 1924 336 1954 p.
355 1911 407 1942 lix.
425 1918 442 1942 ¹.
467 1912 509 1943 δὶς
531 1912 563 1942 τὸ
587 1913 703 1951 γραφὲν
724 1915 908 1950 μεταβαλεῖν
923 1911 1054 1943 οὐδέποτ’
1072 1912 1108 1943 ἂν

263 1963 423 2005 ἠνέσχετο]
461 1964 564 2005 Supra
589 1975 620 2005 p.
642 1973 708 2002 104.
736 1972 816 1994 extr.
844 1964 883 1994 de
903 1976 950 2001 eo,
975 1965 1030 2006 qui
1056 1976 1110 2006 pe-

1141 275 1237 310 φοντα
1262 272 1301 312 τῷ
1327 269 1466 309 πράττειν
1490 270 1721 309 (προτρέπεσθαι
1745 270 1811 302 τοὺς
1836 271 1983 310 πολίτας.)

1142 321 1204 355 Qui
1221 321 1306 352 locus
1321 320 1452 352 conferri
1468 320 1560 351 debet
1575 332 1646 351 eum
1663 321 1843 352 Philostrati
1865 321 1932 352 loco
1954 321 1986 352 in

1145 374 1268 415 Imagg.
1287 373 1335 403 II.
1350 382 1402 413 31·
1419 372 1485 402 init.
1501 383 1533 414 p.
1549 381 1625 402 100:
1652 373 1886 412 (Θεμιστοκλῆς)
1902 385 1988 411 μετα-

1144 427 1235 455 ποιῶν
1260 423 1361 455 αὐτοὺς
1386 423 1467 463 (τοὺς
1492 422 1677 464 βαρβάρους)
1704 424 1750 454 καὶ
1775 425 1915 462 μεθιστὰς
1938 425 1990 454 τοῦ

1146 476 1333 514 θρύπτεσθαι,
1351 474 1435 516 quod
1452 473 1543 504 etiam
1559 473 1673 504 dicitur
1687 475 1923 514 μεταῤῥυθμίζειν
1938 474 1990 505 τὸν

1146 528 1226 565 βίον,
1243 526 1372 557 docente
1388 525 1534 556 Jacobsio
1550 537 1580 567 p.
1595 532 1666 566 757.
1706 524 1791 555 Illud
1805 525 1990 565 ὑπογράφειν

1104 575 1127 603 Β
1149 577 1272 619 proprie
1288 577 1402 608 dicitur
1418 576 1456 607 de
1472 576 1653 616 ὑπογράφοις
1669 575 1731 606 sive
1747 577 1947 617 ταχυγράφοις
1961 583 1992 607 et

1149 628 1335 668 ὀξυγράφοις,
1366 628 1419 670 qui
1445 627 1709 667 μεταλαμβάνουσι
1735 627 1754 658 i.
1770 639 1797 658 e.
1821 629 1992 670 excipiunt,

1150 692 1221 722 quae
1236 680 1314 710 libri
1337 687 1444 710 auctor
1466 679 1502 710 iis
1524 680 1700 719 ὑπαγορεύει
1717 679 1735 709 i.
1748 691 1774 710 e.
1791 680 1898 710 dictat.
1943 680 1993 710 De

1151 731 1354 762 scribentibus
1377 742 1434 773 pro
1454 731 1657 769 μεταβάλλειν
1672 730 1786 762 dicitur
1801 730 1892 761 etiam
1908 743 1995 769 μετα-

1151 782 1287 822 γράφειν.
1319 781 1383 813 Dio
1400 783 1483 813 Cass.
1501 783 1634 813 XXVI.
1650 792 1698 824 23.
1716 794 1746 825 p.
1762 792 1834 813 100:
1852 783 1995 815 πολλάκις

1152 834 1225 864 αὐτὰ
1242 834 1293 872 (τὰ
1307 833 1474 873 γραφέντα)
1491 833 1688 873 μετέγραφον.
1729 833 1797 864 Vid.
1816 833 1996 865 Bekkerum

1152 892 1292 915 nostrum
1318 891 1348 914 ct
1371 895 1419 914 me
1443 885 1472 914 in
1500 885 1632 926 Specim.
1653 884 1829 916 Philostrat.
1858 885 1912 925 (de
1933 885 1996 916 Vit.

1156 936 1315 978 Apollonii
1338 935 1377 966 ad
1403 937 1428 966 Ι.
1445 938 1490 977 3.)
1508 947 1537 978 p.
1555 938 1603 967 16.
1650 937 1755 967 Etiam
1779 936 1818 967 de
1841 936 1998 968 mutandis

1155 987 1406 1030 inscriptionibus
1422 994 1593 1017 statuarum
1611 987 1711 1029 (quod
1727 987 1889 1018 artificium
1905 987 2000 1030 inpri-

1156 1039 1213 1069 mis
1226 1038 1343 1069 Rhodii
1356 1038 1562 1080 usurpabant)
1576 1038 1689 1068 dicitur
1701 1038 1911 1079 μεταγράφειν.
1929 1038 1997 1069 Vid.

1157 1091 1292 1121 Pausan.
1306 1090 1333 1120 Ι.
1348 1091 1394 1120 18.
1405 1100 1433 1130 3.
1447 1097 1475 1119 et
1492 1090 1736 1128 μεταῤῥυθμίζειν,
1752 1090 1775 1120 si
1792 1096 1893 1121 statua
1908 1089 1999 1121 etiam

1156 1142 1187 1172 in
1203 1141 1292 1172 aliam
1306 1141 1435 1171 sormam
1451 1140 1641 1170 mutabatur.
1665 1140 1812 1182 Explicat
1825 1141 1999 1171 Casaubon.

1156 1193 1195 1224 ad
1214 1194 1342 1224 Sueten.
1359 1192 1465 1222 Tiber.
1482 1204 1506 1222 c.
1520 1194 1573 1232 58.
1596 1191 1636 1221 cf.
1656 1190 1744 1233 Lips.
1759 1191 1798 1221 ad
1816 1191 1918 1222 Taciti
1934 1193 2002 1222 An-

1158 1244 1228 1275 nall.
1242 1245 1267 1274 Ι.
1281 1254 1329 1283 74.
1355 1243 1459 1274 Etiam
1472 1242 1714 1281 μεταλαμβάνειν
1727 1242 1804 1273 hanc
1815 1243 2004 1274 immutandi

943 1297 981 1327 In
1003 1296 1098 1326 duros
1115 1298 1140 1325 D
1160 1296 1221 1326 vim
1238 1295 1339 1325 habet.
1368 1295 1415 1325 Ut
1431 1293 1600 1336 plurimum
1618 1302 1718 1324 tamen
1735 1301 1779 1324 est
1795 1293 1922 1324 reddere
1938 1305 2004 1325 ver-

1159 1348 1229 1379 bnm
1245 1347 1308 1377 alio
1324 1346 1425 1382 verbo,
1442 1346 1568 1376 verbum
1585 1349 1711 1375 vertere.
1752 1344 1823 1376 Vid.
1836 1345 2004 1387 XVyttcnb.

1159 1399 1199 1430 ad
1216 1398 1377 1429 Plutarch.
1393 1397 1432 1427 de
1450 1396 1525 1427 Isid.
1543 1404 1573 1427 et
1590 1396 1671 1427 Osir.
1688 1407 1721 1438 p.
1736 1405 1808 1436 247.
1824 1407 1870 1438 sq.
1895 1396 2004 1439 Olym-

1161 1450 1278 1492 piodor.
1296 1449 1326 1478 in
1345 1448 1425 1479 l‘lat.
1446 1447 1548 1479 Aleib.
1572 1459 1618 1489 pr.
1638 1447 1745 1478 XIII.
1765 1459 1795 1489 p.
1813 1457 1890 1479 120:
1915 1461 2004 1486 μετα-

1161 1501 1272 1540 βάλλει
1287 1501 1339 1531 τὸν
1354 1502 1448 1539 λόγον
1465 1500 1510 1530 ἐπὶ
1526 1499 1579 1536 τὴν
1594 1500 1720 1537 μαιείαν.
1747 1500 1804 1529 Cr.

1206 1564 1236 1594 p.
1255 1551 1308 1581 lix.
1325 1551 1349 1582 k.
1371 1550 1507 1589 ”Eypmpe
1524 1551 1555 1580 δὲ
1571 1551 1638 1580 οὔτε
1658 1551 1698 1582 εἷς
1715 1549 1824 1583 κάλλος
1844 1551 2006 1582 ἆποτυπού-

1164 1616 1251 1642 μενος
1268 1617 1290 1632 κ.
1299 1615 1322 1632 τ.
1331 1602 1375 1642 λ.]
1395 1600 1553 1632 Adhibuit
1570 1600 1634 1631 haec
1648 1601 1740 1631 verba
1752 1601 1795 1631 Is.
1807 1601 2010 1632 Casaubonus

884 1655 992 1685 Liceat
1022 1655 1101 1685 enim
1122 1660 1146 1687 E
1165 1655 1203 1685 ad
1230 1656 1357 1685 Sueton.
1377 1653 1406 1683 in
1424 1654 1573 1693 Augusto
1588 1664 1613 1682 c.
1630 1652 1679 1682 83.
1697 1652 1779 1683 haec:
1807 1656 1827 1670 “
1840 1652 2012 1695 orthogra-

1167 1706 1270 1748 phiam
1288 1716 1347 1736 non
1364 1704 1442 1735 adeo
1457 1703 1632 1734 custodiit?
1663 1703 1811 1745 Explicat
1826 1703 1931 1734 eadem
1950 1703 2012 1734 Vil-

1168 1758 1273 1788 loison.
1299 1757 1329 1787 in
1354 1755 1498 1787 Anecdd.
1518 1756 1591 1786 Grr.
1612 1755 1660 1785 II.
1682 1756 1748 1793 146.
1771 1762 1833 1785 not.
1852 1765 1861 1785 1
1879 1767 1886 1786 :
1912 1759 1932 1774 “
1949 1755 1966 1785 i.
1984 1767 2011 1786 e.

1168 1809 1319 1840 scribebat
1336 1820 1407 1838 vero
1425 1818 1524 1848 neque
1540 1806 1696 1847 eleganter
1711 1805 1813 1836 literas
1830 1806 2011 1847 depingens,

1168 1872 1264 1903 mque
1279 1861 1360 1890 clarc
1372 1859 1508 1901 syllabas
1520 1858 1731 1899 distinguens,
1745 1868 1844 1898 neque
1861 1856 1952 1887 ullam
1967 1868 2014 1887 or-

1170 1911 1364 1954 thographiae
1381 1910 1527 1941 rationem
1544 1909 1670 1947 habens,
1686 1909 1738 1939 sed
1755 1908 1808 1939 soli
1824 1908 1925 1939 sensui
1941 1920 2011 1939 con-

1171 1964 1302 1995 sulenss'
1347 1964 1499 1993 Extrema
1522 1961 1587 1991 haec
1610 1960 1656 1990 his
1675 1959 1774 1991 verbis
1797 1959 1935 2002 concepit
1953 1961 2014 1991 Ca-

264 2014 395 2044 destrem
412 2014 580 2045 orationem
597 2015 627 2045 in
645 2015 796 2057 poeticam
813 2017 979 2046 convertit:
997 2017 1043 2046 καὶ
1058 2016 1111 2046 τὸν
1130 2022 1153 2050 F
1173 2015 1347 2046 saubonus:
1375 2018 1396 2032 “
1408 2013 1446 2044 ad
1465 2012 1559 2043 solam
1575 2011 1708 2052 denique
1724 2019 1856 2041 mentem
1878 2010 2015 2041 animum

264 2064 459 2095 Ἀτλαντικὸν
483 2067 522 2098 εἰς
545 2067 665 2103 ποίησιν
689 2066 848 2104 μετέβαλε.
896 2067 975 2097 Ron
998 2067 1028 2097 in
1053 2067 1111 2098 hoc

266 2116 333 2157 ipso
356 2115 455 2157 capite
480 2117 517 2148 ὡς
543 2117 600 2147 ἀπὸ
626 2118 750 2155 βιβλίου
774 2120 871 2149 δοκεῖν
895 2118 1109 2157 μεταβάλλειν·

269 2168 501 2197 transscribere.
555 2168 700 2210 Euripid.
730 2169 875 2211 Iphigen.
902 2170 1012 2201 Aulid.
1040 2178 1112 2212 352.

270 2217 440 2257 (Matthiae.
457 2218 524 2248 aliis
538 2220 853 2260 363.)--μεταβαλὼν
870 2222 964 2254 ἄλλας
986 2223 1112 2262 γραφὰς,

271 2268 344 2299 alias
368 2269 469 2299 literas
491 2270 640 2311 proferre,
661 2271 804 2313 epistolas
827 2272 1001 2310 itnniutare,
1020 2285 1113 2315 quem

271 2319 372 2350 locum
387 2320 513 2351 Jacobs.
530 2321 672 2352 adhibuit
687 2323 725 2353 ad
740 2323 870 2353 Anthol.
884 2324 983 2355 Palat.
1000 2336 1030 2366 p.
1043 2325 1113 2365 256.

272 2371 324 2401 ubi
347 2370 627 2412 breviloquentium
652 2373 785 2404 illustrat
807 2374 837 2404 in
862 2375 962 2405 verbis
989 2386 1114 2417 permu—
1133 2380 1160 2408 G
1177 2373 1257 2403 infra
1272 2372 1380 2412 0-13ιἪ

273 2421 358 2453 tandi
374 2422 527 2452 usitatam.
574 2424 624 2454 Cf.
643 2424 789 2455 Eundem
806 2425 905 2455 virum
927 2426 1053 2456 doctum
1077 2426 1117 2456 ad

275 2472 455 2504 Philostrati
480 2474 636 2515 Imagines
664 2478 705 2516 (p.
728 2485 795 2506 101.
826 2478 887 2515 29.)
914 2487 945 2518 p.
967 2478 1039 2517 560.
1065 2477 1117 2507 ubi

275 2524 426 2566 glossator
441 2524 535 2555 verbo
548 2525 711 2563 μετέμαθεν
725 2526 945 2568 adscripscrat:
970 2528 1117 2565 μετεβάλ-

275 2581 345 2607 λετο
366 2576 419 2613 τὴν
435 2575 598 2606 διάλεκτον.
644 2575 735 2607 Plato
751 2577 789 2607 de
806 2578 903 2619 Legg.
921 2579 978 2608 IV.
997 2588 1068 2618 711.
1086 2579 1118 2609 b.

277 2639 308 2669 p.
325 2635 398 2667 345.
417 2625 536 2657 Bekk.:
562 2628 646 2658 οὐδὲν
667 2630 712 2658 δεῖ
732 2629 830 2659 πόνων
853 2629 920 2659 οὐδέ
942 2642 1019 2661 τινος
1041 2642 1118 2667 παμ-

277 2679 392 2708 πόλλου
407 2678 515 2717 χρόνου
535 2680 574 2720 τῷ
593 2679 724 2720 τυράννῳ
744 2683 926 2717 μεταβαλεῖν
942 2680 1121 2717 βουληθέντι

1172 2066 1367 2097 attendens.”
1412 2064 1515 2095 Addit
1542 2062 1690 2093 Villoiso:
1726 2066 1746 2080 “
1764 2062 1934 2098 Plotinum,
1962 2062 2015 2104 qui

1173 2129 1254 2149 anno
1271 2116 1388 2148 Christi
1406 2125 1477 2156 270.
1495 2114 1583 2152 obiit,
1599 2114 1630 2144 in
1655 2113 1822 2144 scribendis
1838 2113 1900 2144 suis
1916 2113 2016 2156 operi-

1174 2169 1233 2199 bus
1249 2167 1442 2208 ταχυγράψον
1457 2166 1560 2203 fuisse,
1577 2177 1613 2196 ae
1629 2165 1756 2207 perinde
1777 2165 1872 2196 literis
1891 2165 2018 2196 cursivis

1176 2221 1254 2250 inter
1277 2230 1307 2249 se
1329 2217 1484 2260 implicitis
1506 2225 1533 2247 et
1558 2216 1702 2247 connexis
1723 2228 1814 2247 usum
1834 2216 1923 2247 docet
1940 2217 2016 2247 Por-

1175 2271 1339 2313 phyrius.”
1932 2271 1953 2286 ‘⁴
1970 2267 2019 2298 De

1178 2321 1292 2353 Plotini
1309 2320 1495 2361 negligentia
1511 2319 1541 2350 in
1559 2319 1737 2361 hujusmodi
1753 2319 1889 2349 minutiis
1905 2318 1974 2349 vide
1990 2326 2019 2350 et

1426 2372 1475 2401 De
1499 2371 1632 2412 negotio,
1649 2370 1733 2412 quod
1751 2371 1854 2401 Graeci
1878 2370 2020 2402 dicebant

1178 2424 1343 2459 ὃιαστίζειν,
1372 2422 1472 2453 Latini
1499 2423 1696 2464 distinguere
1726 2421 1923 2464 exemplaria,
1951 2421 2020 2452 vide

1180 2476 1331 2515 Interprr.
1355 2473 1394 2504 ad
1418 2473 1577 2504 Aristotel.
1596 2473 1722 2504 Rhetor.
1741 2474 1811 2504 III.
1827 2482 1858 2513 5.
1893 2473 2020 2504 Sueton.

1179 2526 1218 2556 de
1235 2525 1453 2556 Grammaticis
1467 2538 1494 2556 c.
1511 2535 1560 2557 20.
1582 2533 1613 2555 et
1632 2524 1763 2566 Dionys.
1781 2523 1896 2554 Thrae.
1911 2523 1941 2554 in
1959 2524 2020 2554 Fa-

1179 2577 1253 2608 brie.
1272 2578 1310 2607 B.
1329 2578 1384 2607 Gr.
1400 2577 1435 2607 V.
1454 2587 1484 2616 7.
1503 2588 1531 2619 p.
1547 2585 1598 2616 27.
1624 2576 1680 2607 Cr.

1232 2639 1264 2670 p.
1282 2628 1334 2658 lix.
1354 2628 1371 2658 ¹.
1401 2629 1447 2659 καὶ
1470 2628 1614 2667 συνείρων
1636 2629 1686 2658 τὰς
1709 2626 1837 2666 ὁμιλίας]
1874 2629 1894 2643 “
1911 2627 2023 2664 ὁμιλίαι

1385 2269 1508 2300 Fabi-ic.
1536 2267 1576 2298 ad
1603 2276 1743 2298 nostrum
1770 2267 1894 2298 locum:

1182 2689 1251 2710 sunt
1280 2691 1433 2710 sermones
1459 2687 1489 2710 ct
1513 2678 1736 2720 disputationes
1761 2688 1778 2707 a
1807 2676 1930 2707 Plotino
1955 2689 2024 2708 cum
