2201 2990
742 154 941 195 LIBER
978 151 1324 193 SECUNDUS.
1814 162 1893 202 479

78 239 170 283 266

179 275 333 332 μένειν
358 274 418 322 εὶς
443 272 528 317 ἀεί·
579 270 632 314 Εἰ
659 268 706 314 δὲ
732 269 779 313 ἐν
804 266 836 330 ᾧ
857 264 1004 328 χρόνῳ
1031 267 1098 310 δεῖ
1121 265 1351 318 ἀπελθεῖν,
1382 259 1519 310 οὕτως
1545 262 1756 307 ἀπελθεῖν
1782 261 1889 319 ἔδει,

185 347 241 393 ὡς
278 341 428 390 ἄλλοις
465 337 679 400 γενέσθαι
712 338 875 398 χρείαν
910 336 1013 395 παρ’
1043 334 1209 390 αὐτῶν,
1250 333 1297 377 τί
1330 335 1511 390 φθονεῖν
1548 329 1668 385 ἕδει;
1710 333 1756 375 τί
1792 334 1824 376 δ’
1855 333 1892 376 εἰ

183 409 431 474 βρωθέντα,
456 406 574 453 ἄλλα
595 405 780 465 {gout-7703
808 405 937 450 οἱονεὶ
955 404 1028 448 ε’πῖ
1046 407 1214 458 σκηνῆς
1240 404 1328 446 τῶν
1353 402 1602 461 ὑποκριτῶν
1627 401 1648 444 ὁ
1674 407 1890 457 πεφονευ-

147 480 311 538 Ομένος
337 475 644 534 ἀλλαξάμενος
669 475 718 520 τὸ
745 478 924 535 σχῆμα,
955 469 1199 524 ἀναλαβὼν
1223 468 1364 517 πάλιν
1390 471 1520 515 εἰσίοι
1555 466 1694 514 ἄλλου
1717 466 1891 529 πρόσω-

182 570 283 595 πον.
315 548 410 593 ἀλλ’
439 547 489 591 οὐ
519 545 731 600 τέθνηκεν
756 545 931 599 ἀληθῶς
965 541 1106 591 οὗτος.
1148 543 1202 586 Εἰ
1236 539 1313 585 οὖν
1339 540 1412 585 καὶ
1438 537 1489 583 τὸ
1516 539 1760 583 ἀποθανεῖν
1785 538 1921 587 ἀλλ-5

183 618 271 679 αγή
307 617 405 662 ἐστι
440 614 645 673 σώματος
677 610 829 674 ὥσπερ
863 613 1051 667 ἐσθῆτος
1085 612 1192 667 ἐκεῖ,
1221 607 1248 666 ὴ
1274 611 1352 655 καί
1380 629 1497 657 τινες
1532 606 1773 655 ἀποθέσεις
1807 604 1893 651 σώ-

663 681 803 738 ''g-‘0305-
830 682 878 727 ἐκ
902 685 982 737 τῆς
1016 684 1184 736 σκηνῆς
1216 677 1445 733 παντελὴς
1477 675 1579 722 τότε
1613 678 1674 725 εἷς
1706 672 1896 736 ὕστερον

178 706 339 744 ματος,
368 682 519 746 ὥσπερ
545 685 636 729 ἐκεῖ
658 704 678 728 ε

182 754 321 802 πάλιν
345 754 526 810 ἥξοντος
559 753 943 814 ἐναγωνίσασθαι,
973 751 1020 796 τί
1050 747 1105 796 ἂν
1131 748 1274 795 δεινὸν
1299 748 1365 803 ε’ίη
1390 749 1417 803 ἦ
1443 745 1628 801 τοιαύτη
1662 748 1751 790 τῶν
1777 743 1897 800 ζώων

184 826 244 874 εἷς
271 822 448 879 ἄλληλα
468 821 725 880 μεταβολὴ,
754 818 870 867 πολὺ
896 821 1089 873 βελτίων
1114 818 1230 864 οὖσα
1255 821 1333 863 τοῦ
1357 816 1470 874 μηδὲ
1500 815 1583 871 την
1609 814 1754 876 ἀρχὴν
1780 813 1897 859 αὐτὰ

144 892 413 955 Βγενέσθαι.
463 893 670 940 Ἐκείνως
701 890 787 947 μὲν
811 888 918 952 γὰρ,
949 890 1107 950 ἐρημία
1141 892 1271 944 ζωῆς,
1308 888 1383 932 καὶ
1416 890 1496 942 τῆς
1530 886 1578 930 ἐν
1604 882 1725 947 ἄλλῳ
1760 881 1899 939 οὔσης
1912 901 1949 922 10

185 963 421 1019 ἀδυναμία·
462 965 540 1007 νῦν
573 960 620 1006 δὲ
655 959 802 1015 πολλὴ
840 959 956 1005 οὖσα
994 959 1041 1004 ἐν
1073 960 1134 1022 τῷ
1169 957 1308 1003 παντὶ
1347 955 1453 1012 ζωὴ,
1482 953 1636 1001 πάντα
1671 957 1792 999 ποιεῖ
1825 954 1899 998 καὶ

183 1033 403 1078 ποικίλλει
431 1031 478 1076 ἐν
503 1032 563 1093 τῷ
592 1032 685 1091 ζῆν·
726 1030 800 1075 καὶ
826 1030 904 1074 οὐκ
930 1026 1142 1089 ἀνέχεται
1166 1026 1229 1085 μη
1254 1029 1451 1072 ποιοῦσα
1482 1025 1550 1069 ἀεὶ
1576 1022 1695 1069 καλά
1727 1024 1801 1068 καὶ
1830 1023 1898 1067 εὑ·

185 1103 277 1157 ειδῆ
305 1104 448 1156 ζῶντα
472 1102 678 1161 παίγνια.
720 1097 989 1159 Ἀνθρώπων
1008 1097 1055 1143 δὲ
1082 1098 1148 1143 ἐπ’
1173 1095 1394 1151 ἀλλήλους
1420 1093 1540 1139 ὅπλα
1567 1095 1738 1149 θνητῶν
1763 1090 1901 1137 ὄντων

186 1171 233 1216 ἐν
257 1167 381 1224 τάξει
407 1168 654 1230 εὐσχήμονι
676 1167 966 1229 μαχομένων,
997 1166 1068 1212 οἶα
1095 1167 1142 1212 ἐν
1166 1166 1403 1226 πυρῥίχαις
1428 1165 1665 1218 παίζοντες
1692 1158 1899 1223 ἐργάζον-

185 1260 279 1296 ται,
317 1241 503 1294 δηλοῦσι
536 1236 619 1288 τάς
651 1259 700 1283 τε
735 1238 1013 1298 ἀνθρωπίνας
1054 1234 1255 1284 σπουδὰς
1294 1230 1482 1281 ἁπάσας
1518 1230 1701 1280 παιδιὰς
1738 1228 1898 1287 οὔσας,
1916 1250 1952 1283 15

221 1362 240 1377 1.
262 1353 280 1383 qi*
297 1354 376 1384 χρᾶνῳ]
398 1355 462 1377 Edit.
483 1356 515 1382 τῷ
534 1364 573 1385 χρ.
592 1354 632 1377 Sed
651 1354 733 1382 Codd.,

185 1388 287 1417 exceptis
306 1387 373 1410 Mon.
393 1388 424 1410 A.
443 1392 466 1410 et
487 1387 541 1410 Par.
559 1388 600 1415 A„
619 1394 699 1409 omnes
718 1385 736 1415 ᾧ

186 1420 262 1450 χρόνῳ.
300 1421 345 1443 Sed
368 1420 440 1442 Vind.
465 1420 496 1442 Α.
520 1420 685 1442 tantummodo
706 1427 735 1442 ex

186 1460 245 1475 oorr.
257 1457 281 1475 et
293 1452 348 1475 Vat.
361 1452 386 1474 in
398 1460 430 1474 m.
442 1452 513 1475 habet
525 1453 563 1481 τῷ.

221 1491 242 1506 z.
260 1485 350 1515 ἄλλοις]
369 1485 442 1507 Codd.
460 1492 541 1507 omnes
559 1485 593 1507 ita
611 1488 639 1507 nt
659 1491 734 1514 marg.

188 1517 241 1545 Ed.‚
254 1522 311 1541 text.
325 1518 409 1542 ἄλλως.

220 1557 244 1579 3.
269 1549 385 1580 βρωθέντα]
412 1549 469 1572 Cod.
490 1549 546 1572 Vat.
567 1548 694 1580 βρώμαται
712 1548 736 1571 in

188 1590 219 1605 m.
232 1587 260 1605 ut
272 1582 316 1604 Ed.

221 1615 251 1637 ib.
270 1614 355 1644 ἰφύετο]
374 1614 431 1637 Cod.
453 1614 506 1637 Par.
525 1614 557 1636 Α.
578 1612 655 1642 ἰφιέτο.
681 1613 736 1636 Vat.

799 1354 822 1376 6.
834 1351 1052 1385 blame—adponeros]
1064 1352 1158 1375 Desunt
1166 1351 1216 1374 haec
1225 1351 1250 1373 in
1261 1350 1317 1373 Cod.
1351 1354 1419 1372 textu
1431 1348 1518 1371 habet:
1536 1346 1674 1379 (σι-σίζοντες)
1687 1347 1704 1368 ἐν
1716 1345 1789 1370 ὅπλοις
1808 1346 1845 1368 καὶ
1858 1355 1904 1368 συν.

770 1386 835 1409 Med.
849 1386 878 1408 B.
1353 1382 1423 1409 τὸμσις
1442 1381 1552 1412 ὀρχήσεσιν
1564 1381 1609 1402 dora
1624 1378 1726 1409 [1ύρρουῆ
1741 1378 1852 1409 Πνῤῥίχον
1870 1387 1904 1400 κε-

801 1418 831 1441 ib.
851 1418 916 1447 enm]
936 1417 1008 1440 Codd.
1029 1417 1105 1440 Marc.
1118 1416 1179 1440 A.C.
1205 1415 1273 1438 Mon.
1286 1415 1318 1437 A.
1353 1413 1478 1441 κλημὲναις.
1515 1413 1543 1435 In
1562 1420 1636 1443 marg.
1653 1420 1705 1435 eam
1723 1412 1811 1434 habent
1829 1411 1903 1434 Codd.

770 1451 825 1474 Vat.
848 1451 920 1473 Vind.
933 1451 964 1473 A.
978 1459 1038 1471 τισιν.
1354 1447 1430 1469 Marc.
1450 1446 1508 1469 ΒΕ.
1533 1446 1599 1469 Med.
1618 1445 1649 1467 A.
1668 1444 1719 1475 (ubi
1737 1449 1772 1467 est
1790 1444 1904 1474 ἔνοπλίσις)

1354 1479 1409 1502 Par.
1422 1479 1453 1501 A.
1473 1478 1512 1508 (ut
1529 1479 1554 1500 in
1574 1478 1639 1501 Med.
1658 1477 1702 1507 A.)
1715 1477 1770 1499 Vat.
1789 1477 1818 1498 ad
1836 1477 1905 1506 cujus

1353 1520 1428 1541 marg.
1445 1511 1558 1534 Anlatins
1575 1510 1682 1540 scripsit:
1701 1511 1716 1522 ‘⁴
1729 1509 1831 1532 Videtur
1848 1517 1905 1532 sane

1352 1544 1455 1567 scholion
1474 1544 1498 1566 in
1516 1548 1608 1566 textum
1627 1542 1771 1565 intmsnm.'’
1803 1541 1833 1563 In
1846 1542 1903 1563 Cod.

1353 1577 1436 1600 Darm.
1449 1577 1520 1599 etiam
1538 1580 1572 1599 est
1590 1574 1690 1599 ἐνσπλὶοις
1712 1574 1786 1597 Ficin.
1800 1574 1824 1596 in
1837 1579 1904 1596 textu

1352 1610 1451 1633 retinuit
1464 1609 1564 1632 ὲνιτλίιις
1577 1607 1694 1638 ὀρχήσεσιν.
1728 1607 1778 1629 Nos
1789 1606 1904 1629 librorum

801 1483 831 1506 ib.
845 1483 963 1512 ἀποθέσεις]
980 1482 1036 1505 Cod.
1047 1481 1095 1505 Ciz.
1109 1480 1207 1505 ἀπαθέσις
1219 1488 1249 1503 ex
1260 1487 1319 1503 corr.

801 1516 824 1537 8.
837 1514 1012 1544 ἐναγωνίσασθαι]
1029 1514 1148 1537 Cod.Vat.
1161 1513 1320 1542 ziymiooecfflaq

771 1549 795 1571 in
808 1556 838 1570 m.
852 1553 879 1570 ut
892 1548 936 1570 Ed.

802 1581 833 1603 ih.
851 1579 919 1609 δεινὴν]

803 1620 826 1642 9.
843 1612 946 1641 βελτίων]
968 1612 1007 1634 Ita
1024 1612 1105 1639 Codd.,
1120 1610 1222 1640 exceptis
1234 1610 1317 1633 Darm.

940 1580 997 1602 Cod.
1011 1579 1083 1602 Vind.
1097 1579 1128 1601 A.
1142 1577 1201 1601 δεινή.

188 1647 283 1676 doben-u
300 1647 325 1669 in
337 1655 369 1669 m.
381 1652 409 1669 nt
424 1647 468 1669 Ed.

220 1680 251 1702 ib.
269 1679 324 1701 οἱονεὶ
340 1679 384 1707 ἐπι]
405 1680 478 1701 Codd.
491 1679 540 1702 (tiz.
554 1678 621 1701 Mon.
635 1678 666 1700 A.
680 1678 735 1701 Vat.

189 1710 226 1734 οἷον
238 1712 256 1734 εἷ
268 1711 310 1734 ἔσῃ’.
333 1712 397 1734 Edit.
410 1710 455 1733 οἷον.

220 1744 251 1767 ib.
276 1743 434 1774 πεφανευμὲνσς]
457 1744 494 1766 Ita
516 1751 569 1766 oum
592 1750 668 1773 marg.
691 1743 735 1765 Ed.

189 1776 261 1799 COdd.
275 1784 362 1799 omnes.
392 1776 436 1799 Ed.
450 1775 614 1804 πΞΦρηνευμὲνυς.

221 1816 244 1837 4.
270 1808 493 1840 τάλιν-πρᾶσωπσν]
519 1808 592 1831 Codd.
614 1808 680 1831 Med.
704 1808 735 1830 A.

191 1841 265 1864 Blarc.
279 1841 306 1863 Β.
319 1841 392 1862 ἄλλον
403 1841 513 1872 πρᾶσωπον
525 1841 592 1862 πάλιν
606 1840 669 1862 εἰσίοι.
693 1840 738 1864 Le-

190 1874 243 1896 nius
255 1881 330 1903 neque
341 1879 420 1896 tamen
434 1873 520 1896 Plotini
535 1873 640 1896 similius.

223 1911 244 1935 5.
262 1906 316 1927 ἀλλ’
328 1905 363 1935 οὐ]
383 1906 420 1928 Ita
434 1906 506 1928 Codd.
520 1906 603 1928 Darm.
617 1905 692 1928 Marc.
706 1905 734 1927 B.

191 1937 256 1960 Med.
269 1938 300 1960 A.
318 1945 392 1967 marg.
405 1938 469 1966 Vat.,
487 1946 561 1968 marg.
576 1938 628 1967 Ed.‚
645 1943 669 1961 et
687 1938 734 1961 Fic.

192 1969 284 1999 Reliqui
296 1977 349 1992 cum
361 1971 396 1993 ed.
410 1971 480 1992 ἀλλά,
512 1970 563 1993 Hoc
574 1978 656 1993 verum
667 1971 705 1999 sit,
717 1970 735 1993 si

191 2000 249 2026 οἶα-ας
262 2010 304 2032 pro
316 2002 386 2026 ἐκεῖνος
399 2002 422 2024 h.
433 2002 447 2025 l.
460 2003 581 2032 acceperis.

771 1645 838 1668 Mon.
852 1645 883 1668 A.
908 1645 979 1667 Vind.
992 1645 1033 1673 A„
1045 1652 1133 1667 omnes.
1153 1644 1197 1666 Sed
1210 1643 1254 1665 Ed.
1267 1643 1320 1667 βελ-

771 1688 821 1700 ’71οῚ-

805 1718 841 1733 11.
860 1711 916 1732 τσιεῖ
925 1709 975 1739 καὶ]
989 1709 1083 1732 Omissa
1095 1709 1143 1732 haec
1155 1708 1180 1731 in
1193 1708 1249 1731 Cod.
1264 1708 1319 1731 Vat.

769 1743 795 1765 in
806 1751 838 1765 m.
851 1743 979 1765 adduntur.

804 1782 840 1798 12.
858 1775 962 1804 ἀνέχεται
974 1775 1005 1802 μὴ
1017 1774 1118 1804 παιαῦσιι]
1132 1774 1189 1797 Cod,
1202 1773 1258 1796 Vat.
1270 1773 1321 1802 ’ἔχε-

770 1817 806 1830 ται
818 1807 849 1836 μὴ
863 1807 956 1834 παῦσα;
974 1807 998 1829 in
1011 1815 1042 1829 ΠΙ.
1056 1812 1083 1829 ut
1096 1807 1140 1829 Ed.

806 1847 842 1868 ¹4·
854 1840 872 1861 ὲν
885 1839 956 1869 τάξει]
971 1840 1009 1862 Ita
1018 1839 1091 1862 Codd.
1104 1846 1193 1867 omnes,
1206 1843 1233 1861 ut
1245 1846 1319 1868 marg.

771 1873 825 1901 Ed.‚
837 1877 861 1895 et
873 1872 920 1895 Fic.
950 1872 995 1895 Sed
1009 1872 1078 1895 Text.
1092 1871 1184 1898 ἐντεύξει.

800 1905 831 1927 ib.
851 1905 868 1926 ἐν
880 1904 993 1934 πυρῤίχαις
1013 1904 1141 1934 παίζοντες]
1162 1904 1256 1927 Desunt
1272 1903 1322 1926 haec

770 1938 794 1960 in
807 1938 864 1960 Cod.
878 1937 962 1960 Darm.

801 1970 832 1992 ib.
852 1971 869 1992 ὲν
881 1970 994 2000 πυρῥίχαις
1008 1969 1132 1999 παίζοντες]
1146 1968 1207 1991 Cum
1218 1968 1321 1991 editione

769 2002 832 2026 solus
850 2002 906 2026 Cod.
926 2002 1008 2025 Darm.
1028 2002 1090 2025 hanc
1106 2002 1206 2032 glossam
1224 2001 1248 2023 in
1266 2008 1320 2024 con-

1353 1642 1424 1665 MSS.
1436 1646 1460 1665 et
1476 1641 1573 1663 rationis
1588 1641 1656 1670 jussu
1674 1640 1724 1662 haec
1741 1639 1821 1662 onmia
1837 1639 1905 1668 ejeci-

1353 1683 1413 1697 mus.
1446 1673 1553 1697 Scholion
1566 1678 1645 1696 antem
1658 1672 1760 1695 maxime
1772 1679 1904 1701 congrium]

1353 1716 1407 1730 cnm
1420 1707 1455 1735 iis,
1468 1714 1518 1736 qum
1533 1705 1665 1736 Hesychius
1683 1705 1754 1727 habet
1767 1704 1792 1726 in
1805 1703 1905 1734 πυρριχί.

1355 1741 1402 1769 ζειν.
1428 1740 1461 1762 ΙΙ.
1475 1748 1496 1769 p.
1511 1739 1578 1762 1088.
1607 1737 1761 1760 Grammatici
1773 1736 1868 1759 variant
1879 1736 1905 1759 in

1355 1773 1443 1796 ’ἔνοπλος
1460 1777 1484 1795 et
1500 1771 1601 1795 {vivi-Mag.
1630 1771 1674 1793 sed
1687 1770 1786 1793 συντόνοις
1805 1777 1848 1799 pro
1859 1778 1905 1790 auv-

1356 1805 1428 1833 τόμως
1450 1804 1598 1827 scribendum
1621 1811 1670 1825 esse
1693 1803 1777 1825 docent
1801 1801 1904 1832 Etymol.

1356 1838 1439 1867 Magn.
1454 1836 1556 1867 Hesyeh.
1572 1835 1705 1866 Etyinolog.
1720 1835 1782 1857 Gnd.
1796 1835 1821 1856 in
1835 1833 1905 1864 πσρῤί-

1354 1880 1388 1899 zu
1400 1875 1423 1893 et
1436 1868 1575 1899 πυῤῥιχίζειν.
1605 1868 1665 1891 Vide
1677 1868 1748 1891 etiam
1761 1867 1858 1889 Orionis
1875 1867 1904 1889 ad

1354 1903 1409 1926 calc.
1430 1901 1563 1932 Etyinolog.
1583 1900 1687 1924 Gudiani
1706 1908 1721 1922 a
1739 1908 1777 1922 me
1798 1899 1904 1929 adjuncti

1353 1935 1430 1958 locum
1443 1943 1465 1964 p.
1475 1934 1529 1957 628.

1390 1974 1424 1998 15.
1443 1965 1550 1996 σπουδὰς]
1569 1966 1626 1988 Cod.
1640 1965 1708 1988 Mon.
1723 1964 1752 1987 Α.
1766 1963 1865 1988 σπονδάς.

191 2091 286 2128 obire,
303 2098 377 2121 tunc
399 2090 482 2121 obire
504 2092 545 2121 sic
567 2091 737 2133 oportebat,
753 2099 788 2123 ut
810 2091 875 2123 aliis
898 2103 1023 2134 quoque

191 2145 230 2164 ex
251 2133 323 2175 ipsis
345 2133 517 2175 proveniret
533 2134 657 2171 utilitas,
672 2146 797 2166 curnam
819 2135 923 2166 decuit
944 2135 1021 2165 invi-

192 2177 286 2207 dere?
324 2175 406 2213 Quid
427 2187 510 2213 vero,
527 2176 550 2206 si
570 2188 640 2218 quae
662 2177 806 2209 devorata
829 2186 910 2215 sunt,
928 2189 1025 2220 quan-

192 2219 294 2261 doque
316 2218 374 2249 alia
396 2221 619 2250 renascuntur?
643 2219 726 2250 velut
748 2221 772 2250 si
794 2221 824 2251 in
848 2232 935 2252 scena
956 2232 1025 2263 per-

193 2273 276 2299 sona,
289 2273 360 2303 quae
371 2262 497 2303 fingitur
508 2261 675 2299 interfecta,
688 2274 759 2293 mox
770 2263 900 2305 figuram
912 2271 1021 2301 mutet,

192 2305 377 2346 alteriusque
393 2315 550 2346 personam
567 2305 696 2335 induens
711 2306 901 2347 regrediatur
916 2307 946 2337 in
963 2318 1024 2337 sce-

193 2359 262 2378 nam
276 2350 288 2377 ?
313 2349 359 2378 At
374 2347 485 2378 dixerit
508 2347 586 2378 forte
602 2348 764 2390 quispiam,
781 2360 841 2379 non
858 2361 926 2380 vere
943 2349 1024 2380 hunc

193 2402 256 2421 esse
279 2398 446 2421 mortuum.
492 2391 604 2420 Verum
629 2390 652 2421 si
677 2391 753 2421 mori
780 2399 824 2421 est
850 2400 1024 2433 permutare

193 2445 314 2475 corpus,
338 2444 398 2463 non
426 2433 512 2463 aliter
537 2444 628 2475 quam
655 2440 829 2475 permutare
854 2442 968 2465 vestem
994 2435 1024 2465 in

193 2487 300 2507 scena:
325 2484 377 2506 aut
394 2476 417 2506 si
434 2487 515 2506 mors
536 2484 581 2506 est
601 2487 711 2518 corpus
726 2476 850 2507 omnino
865 2477 1026 2519 deponere,

193 2518 453 2561 quemadmodum
470 2519 498 2548 in
515 2519 664 2549 comoedia
684 2519 783 2549 exitus
798 2531 835 2549 ex
851 2519 925 2550 ludo
944 2528 1027 2562 post-

193 2574 308 2592 remus:
335 2561 385 2592 ubi
402 2570 502 2592 tamen
518 2573 596 2603 quos
618 2561 646 2591 in
671 2570 825 2602 posterum
841 2563 1026 2604 quandoque

194 2605 231 2635 sit
246 2605 401 2636 rediturus
419 2604 457 2635 ad
475 2604 594 2641 ludum,
610 2604 757 2646 quidnam
774 2604 843 2635 mali
861 2617 960 2636 secum
983 2606 1027 2636 af-

193 2648 252 2679 fert
276 2647 426 2691 ejusmodi
452 2647 627 2677 annualium
656 2647 781 2678 invicem
808 2648 1025 2679 commutatio?

193 2702 263 2732 quae
286 2692 423 2733 profecto
438 2690 535 2720 multo
550 2690 654 2720 melior
669 2698 724 2727 est,
741 2702 832 2732 quam
855 2690 877 2720 si
894 2691 940 2721 vel
956 2699 1026 2722 nata

1066 2091 1105 2121 ab
1120 2090 1207 2122 initio
1223 2101 1284 2121 non
1299 2089 1437 2120 fuissent.
1486 2089 1578 2118 Tunc
1601 2087 1680 2118 enim
1697 2086 1768 2117 vitae
1791 2085 1905 2116 orbitas

1067 2141 1154 2171 esset,
1170 2141 1200 2164 et
1215 2133 1395 2175 impotentia
1409 2131 1552 2174 quaedam
1568 2130 1638 2161 vitae
1654 2130 1685 2160 in
1700 2129 1760 2160 alio
1775 2129 1906 2160 existen-

1067 2177 1122 2208 tis:
1148 2188 1228 2207 nunc
1250 2184 1353 2207 autem
1370 2187 1438 2206 cum
1461 2174 1558 2205 multa
1573 2174 1603 2204 in
1619 2173 1761 2204 universo
1776 2172 1814 2203 sit
1829 2172 1904 2210 vita,

1067 2220 1169 2251 omnia
1184 2219 1256 2250 facit
1271 2219 1429 2260 variatque
1444 2218 1475 2248 in
1491 2217 1564 2255 vita,
1581 2228 1681 2258 neque
1696 2215 1851 2246 continere
1874 2227 1904 2245 se

1066 2270 1178 2305 potest,
1204 2262 1279 2304 quin
1309 2262 1439 2304 pulchra
1468 2271 1588 2302 semper
1613 2259 1722 2290 efficiat
1751 2258 1903 2295 animalia,

1067 2306 1153 2348 quasi
1170 2306 1286 2336 ludicra
1302 2305 1390 2336 valde
1407 2312 1495 2346 grata
1510 2309 1683 2345 conspectu.
1730 2301 1904 2332 Hominum

1067 2361 1140 2380 vero
1159 2360 1243 2379 arma
1260 2348 1389 2379 vicissim
1413 2347 1505 2384 illata,
1522 2358 1592 2377 cum
1615 2353 1645 2376 et
1667 2344 1810 2376 mortales
1832 2344 1903 2381 sint,

1067 2400 1097 2423 et
1113 2392 1231 2423 decenti
1247 2391 1380 2433 quodam
1397 2390 1503 2421 ordine
1518 2396 1657 2432 pugnent
1680 2400 1785 2419 eorum
1809 2399 1903 2424 more,

1068 2435 1121 2477 qui
1144 2435 1174 2465 in
1198 2434 1381 2477 pyrrhichiis
1403 2440 1591 2464 armatorum
1616 2431 1758 2474 tripudiis
1782 2430 1905 2467 ludunt,

1069 2478 1158 2520 plane
1174 2478 1329 2509 declarant
1343 2484 1372 2508 et
1388 2476 1491 2508 omnia
1509 2475 1667 2506 hominum
1692 2474 1794 2505 studia
1817 2473 1905 2503 ludos

1069 2533 1143 2559 esse,
1159 2529 1189 2551 et
1211 2521 1329 2551 obitum
1353 2532 1414 2551 non
1436 2532 1500 2550 esse
1522 2519 1635 2549 durum
1657 2516 1903 2548 existimandum.

1070 2565 1296 2595 Oceumbentes
1318 2570 1420 2594 autem
1444 2563 1473 2593 in
1497 2561 1603 2604 praelio
1618 2560 1812 2592 breviusculo
1826 2569 1904 2599 quo-

1069 2607 1138 2637 dam
1156 2614 1292 2649 tempore
1314 2606 1480 2648 anticipare
1496 2612 1624 2635 mortem
1641 2604 1671 2633 in
1689 2608 1841 2633 senectute
1858 2600 1904 2630 fu-

1070 2657 1182 2686 turam,
1208 2650 1350 2680 abeundo
1377 2648 1502 2690 quidem
1526 2647 1669 2682 velocius,
1696 2645 1747 2675 sed
1775 2643 1903 2673 vicissim

1069 2692 1142 2722 alias
1158 2692 1316 2722 redituros.
1362 2691 1496 2721 Proinde
1512 2691 1534 2720 si
1551 2690 1686 2719 viventes
1701 2686 1831 2717 fortunis
1850 2697 1902 2716 ex-
