2201 2990
263 159 342 208 654

264 254 405 284 cedetur:
431 254 454 284 si
469 252 602 283 addatur
616 251 825 294 intelligentia,
839 259 905 282 tum
920 251 1098 294 compositio

264 297 329 335 fiet,
346 305 412 327 tum
428 295 590 333 constabit,
605 295 795 326 existentiam
811 294 907 337 ipsam
923 294 1043 325 sibimet
1058 295 1097 325 ad

265 339 481 381 perfectionem
504 338 628 369 minime
651 338 818 369 suffecisse:
847 337 1098 379 quandoquidem

266 381 464 424 intelligentia
491 381 668 423 indiguerit,
695 392 749 423 per
775 392 868 422 quam
896 380 1033 411 tenderet
1058 380 1098 411 ad

265 425 447 467 profectum.
472 425 510 455 In
522 432 629 455 octava
641 423 880 455 consideratione
895 423 1014 453 notabis
1028 434 1098 453 con-

265 468 410 498 ditionem
436 474 521 498 actus
544 467 679 498 formalis
702 466 907 509 potentiaeque
931 465 1098 496 formabilis

266 511 344 542 inter
365 522 395 541 se
414 510 545 552 opponi:
569 510 645 540 adeo
666 516 701 540 ut
724 509 860 552 potentia
882 509 947 539 haec
970 507 1097 549 accipiat

266 561 379 592 actum,
393 560 479 584 actus
494 564 577 590 vero,
594 564 656 594 qua
671 552 786 583 ratione
808 559 894 582 actus
915 558 970 588 est,
987 557 1096 591 poten-

266 597 337 628 tiam
353 608 413 627 non
429 596 563 638 recipiat.
610 595 674 626 Ubi
689 606 762 637 ergo
779 603 864 626 actus
887 600 931 624 est
954 593 1045 629 solus,
1063 600 1098 623 ut

266 640 296 670 in
312 640 421 682 primo,
438 639 620 680 sempiterna
641 649 689 668 res
711 645 772 668 est:
797 636 940 679 quoniam
957 635 1042 666 nulla
1056 635 1097 665 ibi

264 683 303 713 ad
318 682 406 713 aliam
422 682 550 712 formam
566 681 703 723 potentia
724 680 807 711 latet.
853 680 932 709 Item
957 678 1009 708 ubi
1031 685 1098 719 pot-

265 725 346 756 entia
361 732 424 755 tota
435 724 602 755 formabilis
617 723 761 754 translata
776 729 820 752 est
835 722 865 751 in
882 729 1021 751 naturam
1038 721 1098 750 for-

265 779 335 806 mae,
351 768 428 798 adeo
443 774 478 798 ut
492 767 591 798 forma
604 766 664 797 illic
680 766 764 796 nullo
780 764 872 794 modo
893 763 932 794 ad
955 770 1095 793 naturam

266 811 409 853 potentiae
436 810 620 848 retrahatur,
644 821 690 839 res
713 809 803 838 etiam
827 814 871 837 est
895 806 1093 848 sempiterna:

265 854 433 896 praesertim
447 853 519 895 quia
534 852 671 895 potentia
685 851 745 881 illic
760 857 859 880 totum
883 849 974 879 habet
994 856 1096 879 actum

264 903 538 938 quantumcunque
553 902 662 938 potest,
678 893 825 935 cupitque
840 892 967 922 habere:
993 891 1098 932 quales

265 947 336 970 sunt
366 938 581 970 intellectuales
611 936 757 973 essentiae,
788 934 928 976 ignisque
957 934 1093 965 caelestis.

267 983 352 1024 Ignis
367 990 469 1012 autem
491 981 547 1012 sub
570 979 643 1011 caelo
665 979 743 1009 inter
768 978 910 1008 inferiora
932 977 1096 1019 perfectius

264 1033 318 1063 est,
333 1034 484 1067 quatenus
505 1023 634 1054 maxime
650 1029 694 1052 est
709 1021 739 1052 in
754 1028 840 1052 actu:
867 1020 950 1063 quod
969 1028 1096 1062 apparet

417 155 638 195 ARGUM.
660 154 888 194 MARSIL.
911 154 1014 194 FIC.
1037 154 1100 194 IN
1122 154 1230 194 LIB.
1249 154 1320 194 IX.
1343 154 1599 194 ENNEAD.
1620 154 1872 195 TERTIAE.

1141 263 1178 282 ex
1194 251 1325 282 efficacia
1338 251 1456 289 formae,
1472 259 1502 281 et
1517 262 1555 281 ex
1570 258 1654 282 motu
1672 259 1833 294 perpetuo,
1849 260 1879 283 et
1894 265 1974 295 quo-

1141 295 1221 325 niam
1238 306 1298 325 non
1314 294 1424 325 tolerat
1439 293 1621 324 mistionem.
1660 295 1810 332 Quoniam
1828 307 1899 326 vero
1914 307 1977 327 ma-

1143 338 1247 368 teriam
1262 337 1355 368 habet
1371 337 1428 367 sub
1443 344 1524 373 actu,
1538 348 1592 366 nec
1607 348 1643 366 eo
1656 345 1841 376 contentam,
1856 350 1916 369 non
1932 346 1977 370 est

1141 392 1268 422 semper.
1316 381 1407 410 Nona
1421 379 1661 410 consideratione
1681 381 1863 418 memineris,
1878 382 1975 423 ipsam

1140 423 1370 465 intelligentiam
1386 434 1446 453 non
1462 434 1525 453 esse
1540 422 1656 452 bonum
1672 422 1773 464 ipsum
1789 424 1975 466 simpliciter,

1140 466 1274 507 primum
1289 473 1382 508 atque
1397 465 1551 502 ultimum,
1564 464 1699 506 alioquin
1710 474 1786 496 esset
1802 466 1977 509 simpliciter

1140 508 1328 550 expetenda:
1353 520 1434 539 nunc
1457 515 1560 538 autem
1581 507 1754 539 conditione
1775 509 1907 550 quadam
1923 510 1977 540 eli-

1140 551 1236 592 gitur.
1259 551 1359 593 Eligis
1373 551 1453 582 enim
1465 562 1656 593 cognoscere,
1669 551 1693 581 si
1709 551 1800 581 modo
1814 564 1977 593 cognoscas

1141 593 1218 623 bene
1240 593 1439 636 feliciterque,
1455 601 1485 624 et
1505 593 1589 635 quod
1610 593 1664 624 tibi
1689 600 1835 636 tanquam
1860 595 1975 626 bonum

1141 636 1179 666 sit
1194 636 1403 677 profuturum.
1443 637 1523 667 Item
1539 636 1641 678 ipsum
1656 636 1772 667 bonum
1788 648 1848 667 non
1864 637 1976 669 habere

1141 678 1187 708 sui
1202 678 1298 720 ipsius
1312 679 1517 721 agnitionem:
1542 686 1607 709 tum
1631 679 1704 721 quia
1725 679 1809 710 aliud
1832 680 1897 711 haec
1920 689 1975 719 est,

1141 720 1224 751 aliud
1240 721 1339 768 ipsum
1356 722 1491 752 bonum:
1517 730 1583 752 tum
1606 722 1690 763 quia,
1707 722 1731 752 si
1755 730 1825 753 ante
1848 723 1976 765 agnitio-

1140 774 1209 793 nem
1233 764 1289 794 Slbi
1315 764 1434 803 sufficit,
1458 776 1519 795 non
1544 772 1589 795 est
1612 765 1769 796 addenda:
1796 766 1840 796 sin
1864 766 1975 805 minus,

1140 817 1201 836 non
1216 814 1281 836 erat
1296 806 1397 854 ipsum
1413 807 1540 838 bonum.
1581 808 1650 845 Quo
1665 814 1767 838 autem
1783 816 1873 850 pacto
1889 810 1977 840 Deus

1141 860 1240 896 neque
1255 860 1353 879 caecus
1368 857 1416 886 Slt,
1433 861 1533 891 neque
1546 850 1699 891 ignorans:
1720 851 1810 882 etiam
1827 851 1850 882 si
1865 851 1891 882 ei
1907 864 1977 894 cog-

1141 899 1216 922 muo
1239 903 1299 922 non
1323 891 1472 922 addatur:
1498 904 1589 934 super
1603 904 1696 934 quam
1713 894 1880 930 Dionysius
1901 907 1976 937 quo-

1139 946 1200 975 que
1216 934 1406 976 Areopagita
1428 946 1497 965 eum
1521 934 1657 972 collocat,
1673 936 1704 966 in
1723 931 1830 978 quinta
1853 946 1975 969 sextave

1141 978 1288 1009 Enncade
1303 977 1507 1020 opportunius
1522 977 1750 1019 explicabimus,
