2201 2990
665 123 820 154 VITAM
845 123 1072 153 AUCTORE
1097 124 1388 154 PORPHYRIO.
1412 136 1441 167 p.
1460 126 1477 156 l.
1495 126 1525 157 li.
1925 129 1971 160 xci

227 211 341 243 M'undi
355 210 450 252 5728.
468 220 497 251 p.
517 209 589 240 Chr.
608 220 639 239 n.
654 209 732 238 228:
759 211 912 240 Πλωτῖνος
934 209 1060 247 φιλόσο-
1080 209 1107 236 Α
1127 209 1269 250 Longino
1295 209 1379 239 testis
1403 210 1598 252 Porphyrius
1620 212 1704 253 apud
1730 214 1846 244 Euseb.
1873 215 1918 245 X.
1937 226 1968 257 3.

225 268 290 303 φος,
311 264 326 293 ὁ
349 263 400 293 τὰς
422 260 559 292 ἐννεάδας
581 259 709 299 γράψας,
727 259 858 297 ἤκμαζεν,
877 266 906 289 et
929 258 967 288 ad
991 270 1061 289 ann.

225 314 338 345 Mundi
354 321 448 354 5737.
470 323 499 353 p.
517 311 590 341 Chr.
611 321 640 340 n.
660 318 734 351 237:
763 313 917 342 Πλωτῖνος
939 310 1064 348 φιλόσο-

223 369 279 405 φος
297 366 345 402 τῆς
365 364 556 400 Πλατωνικῆς
578 364 727 401 διατριβῆς
748 362 973 401 καθηγούμενος.
1013 362 1063 392 De

221 415 363 447 aetatibus
379 413 533 444 Ammonii
551 414 663 449 Saccae,
676 412 853 454 Plotinique
868 424 903 442 ac
920 412 1062 455 Porphy-

219 466 255 497 rii
271 465 412 497 classicus
427 472 472 495 est
487 464 571 495 locus
587 463 776 494 Theodoreti
792 463 987 506 Therapeut.
1002 465 1059 496 VI.

219 529 251 559 p.
270 517 340 548 868.
360 515 480 547 Schulz.
527 516 607 546 Haec
624 516 660 546 dc
676 527 756 545 anno
773 515 878 546 mortis
895 516 1061 558 Porphyrii

219 567 319 598 verbis
334 567 426 597 refert
441 566 532 597 etiam
550 566 690 597 Eudocia
706 579 736 609 p.
749 569 821 609 363.
855 568 911 598 Cr.

259 630 291 661 p.
308 618 338 649 li.
356 618 372 648 ῑ.
403 621 585 649 Τελευτῶντι
609 619 639 649 δὲ
663 619 720 658 ἐγὼ
745 620 1061 660 ἐτύγχανον-διατρί-

218 669 296 710 βων]
330 669 393 700 Hic
420 681 494 700 usus
518 670 625 701 Dativi
651 682 707 712 pro
733 671 886 702 Genitivis
913 671 1061 703 absolutis

218 731 273 752 nec
294 720 416 752 Platoni
438 721 567 763 aliisque
589 722 726 765 probatis
749 722 949 765 scriptoribus
972 723 1060 765 igno-

218 779 278 810 tus,
295 772 357 804 vid.
375 773 494 804 Matth.
513 774 568 805 Gr.
586 785 634 816 gr.
656 775 685 815 ξ.
701 774 775 816 389.
791 786 835 816 sq.
859 774 932 816 ibiq.
950 773 1059 805 laudd.

218 825 275 855 Cr.

250 888 279 918 p.
291 875 323 907 li.
339 875 364 907 k.
384 877 415 907 ἐν
427 877 595 920 Λιλυβαίῳ]
615 881 634 896 “
648 878 686 908 In
704 877 847 920 Lilybaeo
865 877 974 909 Siciliae
990 889 1060 920 pro-

215 927 367 959 montorio
389 936 544 959 versatum
567 929 761 971 Porphyrius
785 929 875 960 etiam
900 942 931 960 sc
955 930 1059 961 scribit
1077 933 1100 960 C

214 979 293 1010 infra
313 991 339 1010 c.
357 980 405 1010 II.
424 987 453 1011 et
474 992 512 1011 ex
534 992 569 1011 eo
586 981 779 1023 Eunapiusff'
803 981 930 1011 Fabric.
979 982 1058 1012 Mox

213 1030 325 1061 retinui
341 1031 469 1071 Σευήρου
484 1043 555 1062 cum
576 1032 665 1063 bonis
686 1032 770 1063 libris
793 1040 823 1063 et
839 1032 909 1064 licet
929 1033 1057 1075 scripto-

214 1094 261 1114 res
291 1090 325 1114 ut
351 1082 520 1125 plurimum
549 1086 681 1123 Σεβῆρος
708 1092 868 1126 usurpent,
896 1084 926 1115 in
957 1085 1058 1115 numis

213 1142 315 1166 tamen
332 1142 464 1177 utraque
484 1135 635 1178 scriptura
651 1135 741 1166 obvia
756 1143 809 1166 est.
845 1135 914 1166 Vid.
932 1135 1057 1166 Raschii

215 1187 294 1217 Lex.
312 1188 352 1218 R.
372 1188 502 1218 Numar.
520 1188 575 1217 IV.
595 1197 622 1218 2.
639 1199 668 1229 p.
682 1197 755 1228 335.
773 1195 802 1218 et
819 1188 923 1229 Zo'cga
940 1187 970 1217 in
988 1188 1056 1218 Nu-

213 1238 270 1268 mis
286 1237 418 1280 AEgypt.
437 1239 637 1280 Imperatorr.
654 1250 683 1281 p.
702 1249 773 1278 270.
791 1251 834 1281 sq.
853 1239 882 1269 in
901 1239 946 1269 his
966 1239 1057 1270 etiam

214 1289 350 1329 Σευήρου.

212 1341 308 1371 mium
327 1342 483 1371 Severum.
518 1342 572 1372 Cr.

254 1404 284 1434 p.
300 1392 331 1422 li.
347 1392 365 1422 ¹.
389 1396 448 1425 τοῖς
464 1393 550 1423 αὐτοῦ
565 1394 804 1433 γενεθλίοις-ἐν
820 1396 880 1426 τοῖς
896 1393 1058 1425 Πλάτωνος

214 1444 259 1474 καὶ
276 1444 665 1487 Σωκράτους-γενεθλίοις]
692 1445 730 1475 In
748 1445 861 1487 vulgus
876 1445 967 1475 hodie
984 1452 1056 1476 nota

211 1503 293 1533 sunt,
318 1507 389 1537 qna*
417 1495 618 1526 Grammatiei
645 1495 683 1526 de
709 1496 835 1527 vocibus
858 1497 999 1536 γενέθλια
1025 1505 1056 1528 et

210 1548 332 1588 γενέσια
352 1547 545 1589 praecipiunt.
578 1547 681 1578 Schol.
700 1547 818 1578 Platon.
835 1548 865 1578 in
883 1548 988 1579 Alcib.
1006 1560 1054 1591 pr.

210 1611 241 1642 p.
261 1609 311 1640 77.
336 1598 466 1630 Ruhnk.
505 1598 640 1630 Lobeck.
668 1599 707 1629 ad
733 1599 904 1641 Phrynich.
930 1611 960 1641 p.
984 1610 1052 1642 103.

1125 266 1289 301 praeparat.
1307 259 1362 289 nisi
1380 261 1558 290 Πλατώνεια
1578 260 1619 290 ibi
1644 261 1820 302 legendum,
1838 272 1871 295 ut
1891 265 1971 296 infra

1124 322 1148 340 c.
1174 311 1241 350 15.”
1274 311 1398 341 Fabric.

1125 361 1228 391 VIII.
1251 373 1283 403 p.
1299 362 1372 402 506.
1395 362 1535 402 Bergm.:
1570 368 1587 377 “
1603 363 1747 405 Denique
1772 368 1969 398 Πλατωνείων

1123 412 1297 450 celebratio,
1326 425 1397 455 quae
1426 413 1483 455 ipsi
1516 413 1691 455 (Longino)
1724 414 1881 454 tribuitur,
1908 430 1967 449 non

1124 464 1341 495 Grammaticis
1356 472 1410 495 aut
1424 464 1626 502 Rhoan-ibus,
1640 464 1692 495 sed
1705 465 1895 508 philosophis
1912 469 1968 499 usi-

1428 516 1619 559 I’orphyrius
1646 528 1696 559 ap.
1722 518 1840 547 Euseb.
1868 520 1903 549 P.
1930 521 1967 550 E.

1454 310 1623 341 Ruhnken.
1656 312 1739 343 Diss.
1769 314 1807 344 de
1840 316 1967 357 Longin.

1123 521 1187 546 tata
1213 515 1376 558 reperitur.

1124 566 1170 596 X.
1187 576 1217 607 3.
1241 579 1273 609 p.
1289 569 1369 606 464:
1394 569 1430 598 τὰ
1446 569 1623 598 Πλατώνεια
1645 570 1750 599 ἑστιῶν
1769 570 1841 608 ἡμᾶς
1857 573 1967 610 Λογγῖ-

1122 630 1171 650 νος
1187 617 1428 657 Ἀθήνησι-ιώί
1445 618 1632 649 deteriorum
1650 619 1798 650 librorum
1818 621 1969 663 scriptura

1121 670 1291 700 Πλωτίνεια
1313 669 1432 700 inducti
1455 670 1638 701 Holstenius
1661 671 1691 701 in
1709 671 1780 702 Vita
1802 673 1969 716 Porphyrii

1121 732 1152 762 p.
1173 730 1222 751 11.
1247 727 1277 751 et
1300 721 1513 763 Langbaenins
1537 722 1567 752 in
1591 722 1663 753 Vita
1686 723 1833 765 Longini,
1853 724 1968 756 Plotini

1120 771 1251 802 natalem
1269 784 1287 803 a
1300 773 1445 815 Longino
1460 772 1648 804 celebratum
1663 782 1824 816 putarunt.
1852 777 1967 807 Verum

1120 833 1175 853 nee
1192 823 1317 854 Plotino
1338 823 1485 866 magistro
1502 836 1575 855 usus
1597 833 1662 856 erat
1680 826 1850 869 Longinus,
1866 840 1967 870 neque

1121 881 1241 905 tantum
1259 874 1315 905 sibi
1334 875 1524 907 auctoritatis
1540 876 1683 908 l'lotinus
1703 879 1915 918 constituerat,
1934 890 1967 912 ut

1121 925 1285 967 Longinus
1301 926 1391 957 talem
1411 927 1438 958 ei
1455 927 1613 966 honorem,
1630 930 1787 971 praeterito
1804 932 1968 963 Ammonio

1119 984 1149 1008 et
1181 978 1325 1020 Origene,
1356 979 1413 1010 sub
1447 979 1562 1021 quibus
1595 981 1779 1022 profecerat,
1813 983 1966 1014 habereff‘

1120 1030 1340 1061 Boissonadius
1355 1038 1469 1068 tamen,
1488 1042 1547 1061 non
1565 1031 1691 1062 laudato
1708 1033 1909 1072 Ruhnkenio,
1926 1035 1965 1065 ad

1120 1081 1237 1112 Marini
1250 1081 1312 1112 Vit.
1326 1082 1423 1112 Procli
1439 1094 1471 1124 p.
1486 1092 1497 1112 1
1508 1093 1556 1122 14.
1573 1083 1731 1125 vulgatam
1749 1087 1785 1116 τὰ
1798 1087 1966 1118 Πλωτίνεια

1117 1132 1265 1164 adversus
1287 1134 1432 1164 Jonsium
1457 1141 1488 1165 et
1512 1134 1689 1166 Fabricium
1714 1136 1792 1167 tueri
1820 1136 1964 1175 instituit,

1117 1184 1251 1215 addens:
1279 1189 1300 1203 “
1311 1185 1391 1215 Nam
1405 1197 1442 1215 ex
1457 1186 1599 1228 superius
1615 1186 1707 1217 allato
1720 1188 1887 1230 Porphyrii
1900 1188 1966 1220 loco

1117 1235 1270 1275 videmus,
1292 1236 1359 1279 ipso
1383 1237 1504 1268 Plotino
1528 1238 1608 1275 vivo,
1633 1239 1700 1280 ejus
1726 1239 1864 1270 natalitia
1886 1240 1963 1271 cele-

399 1289 543 1331 Intellige
565 1298 668 1321 autem
691 1298 795 1321 nostro
815 1290 882 1321 loeo
898 1291 936 1321 L.
956 1290 1055 1332 Septi·
1074 1293 1100 1320 D
1118 1288 1229 1318 b1·a1·i.”
1274 1289 1333 1319 Est
1356 1296 1459 1319 autem
1484 1289 1532 1319 hic
1555 1290 1620 1331 ipse
1644 1297 1747 1320 noster
1769 1290 1864 1328 locus,
1882 1292 1965 1322 unde

1117 1339 1184 1370 haec
1213 1340 1393 1382 neutiquam
1424 1340 1605 1382 collegisset,
1636 1341 1698 1371 imo
1728 1342 1890 1380 contraria,
1919 1343 1965 1373 vir

1117 1391 1322 1429 doctissimus,
1339 1391 1363 1422 si
1386 1392 1592 1434 praecedentia
1615 1392 1745 1434 legisset.
1792 1394 1858 1424 Nec
1879 1394 1965 1436 equi-

1117 1442 1187 1474 dem
1211 1443 1312 1481 video,
1333 1444 1387 1485 qui
1411 1443 1526 1474 Plotini
1550 1443 1681 1474 natalem
1707 1443 1787 1474 diem
1811 1444 1964 1476 celebrare

1116 1495 1253 1537 potuerit
1283 1495 1459 1537 quisquam,
1485 1502 1592 1537 utpote
1622 1506 1714 1537 quem
1748 1495 1828 1526 diem
1859 1507 1964 1528 omnes

1115 1546 1275 1578 celaverat.
1323 1546 1469 1577 Similiter
1498 1546 1528 1576 in
1561 1547 1675 1577 Stobaei
1704 1546 1830 1588 Eclogis
1856 1548 1885 1578 I.
1909 1558 1961 1588 52.

1114 1610 1146 1641 p.
1165 1608 1236 1639 904.
1260 1598 1406 1640 scriptum
1428 1598 1588 1640 legebatur
1605 1599 1715 1637 αἵρεσις
1736 1601 1794 1628 τῶν
1816 1601 1961 1629 Πλωτινι-

210 1654 360 1692 Συναγωγ.
383 1654 443 1689 λεξ.
467 1651 498 1681 in
523 1651 714 1682 Baclimann.
738 1651 906 1682 Anecdott.
931 1652 1003 1682 Grr.
1025 1653 1052 1683 Ι.
1072 1656 1096 1683 Ε
1118 1653 1174 1681 κῶν
1196 1658 1268 1681 ante
1291 1650 1495 1687 Heerenium,
1519 1649 1573 1691 qui
1600 1661 1636 1679 ex
1662 1648 1763 1680 Codd.
1787 1649 1962 1680 emendavit

209 1715 238 1746 p.
253 1705 322 1743 184.
356 1703 570 1745 Olympiodor.
586 1703 616 1733 in
634 1702 700 1733 Alc.
717 1714 764 1745 pr.
778 1702 797 1733 l.
812 1702 830 1733 l.
848 1715 878 1745 p.
895 1704 966 1734 161:
991 1703 1054 1742 ἤτοι

208 1755 266 1787 ἀπὸ
282 1754 393 1795 γένους,
412 1755 469 1785 ἀπὸ
486 1754 641 1794 γενέσεως,
659 1753 677 1784 ἃ
698 1754 839 1794 γενέθλια
860 1754 958 1785 ἐκάλει
991 1759 1052 1786 Σω-

209 1807 339 1847 κράτης).
379 1807 498 1837 Fronto
517 1805 659 1848 Epistoll.
678 1806 782 1837 Graec.
805 1806 853 1836 ed.
871 1806 965 1848 princ.
984 1808 1054 1837 Me-

208 1858 280 1889 diol.
299 1869 330 1900 p.
346 1867 426 1897 412:
453 1858 542 1898 ἐχρῆν
562 1858 592 1888 δὲ
613 1858 669 1897 ἄρα
688 1858 786 1890 πάσας
801 1860 851 1890 τὰς
866 1860 1053 1899 πανταχόὸεν

210 1909 340 1951 (corrige
356 1910 558 1949 πανταχόθεν)
577 1912 715 1948 γυναῖκας
731 1910 778 1940 ἐπὶ
795 1910 902 1948 ταύτην
918 1910 970 1948 τὴν
986 1910 1053 1948 ἡμέ-

208 1974 263 2000 ραν
292 1962 476 2000 ἀθροίζεσθαι
510 1961 556 1991 καὶ
591 1960 736 2000 ἑορτάζειν
765 1962 801 1991 τὰ
832 1962 871 1991 (τὰ
901 1961 1050 2001 γενέθλια.

210 2013 324 2043 Nostro
342 2020 445 2043 autem
466 2012 532 2043 loco
548 2012 680 2043 tenenda
700 2020 744 2043 est
760 2012 876 2054 duplex
893 2020 1050 2042 construc-

209 2065 270 2095 tio:
297 2064 386 2094 Plato
408 2063 571 2106 Symposio
592 2076 624 2106 p.
640 2074 709 2105 203.
734 2075 766 2106 p.
782 2073 856 2103 429.
876 2063 992 2094 Belum
1020 2065 1052 2094 ἐν

209 2119 268 2147 τοῖς
295 2116 405 2154 ἐκείνης
430 2117 604 2155 γενεθλίοις.
642 2115 705 2146 Dio
729 2116 812 2146 Cass.
840 2115 1050 2145 LXXVIII.

208 2178 238 2208 p.
260 2177 350 2208 1325.
366 2167 498 2198 Reimar.
521 2179 553 2209 p.
569 2176 642 2209 495.
662 2168 765 2198 Sturz.
789 2167 842 2204 τὴν
860 2167 891 2197 δὲ
913 2168 1049 2205 ἱπποδρο-

207 2220 277 2257 μίαν
306 2219 358 2257 τὴν
385 2222 444 2250 τοῖς
473 2219 636 2259 γενεθλίοις
666 2219 754 2249 αὐτοῦ
780 2218 969 2256 τελουμένην,
998 2217 1049 2248 ubi

208 2269 283 2300 nihil
299 2269 417 2300 variant
432 2269 512 2307 libri,
529 2278 559 2301 et
575 2278 677 2301 noster
693 2270 777 2301 locus
797 2269 946 2300 utramvis
961 2269 1051 2300 ratio-

208 2332 277 2352 nem
293 2320 463 2351 confirmat.
497 2321 550 2351 Cr.

1113 1705 1171 1733 τῶν
1183 1705 1393 1733 Πλατωνικῶν.
1423 1701 1516 1732 Conf.
1532 1701 1612 1732 infra
1626 1712 1653 1732 c.
1668 1701 1744 1731 XV.
1760 1700 1825 1732 init.
1845 1713 1876 1743 p.
1891 1712 1902 1732 1
1913 1712 1959 1742 17.

1113 1753 1152 1784 de
1169 1754 1379 1786 Πλατωνείοις.
1406 1754 1461 1784 Cr.

1156 1816 1188 1847 p.
1208 1805 1239 1836 li.
1256 1812 1283 1836 ¹¹.
1318 1807 1591 1846 προσφοιτᾷν-τῇ
1623 1803 1738 1845 τροφῷ]
1777 1803 1868 1834 Plato
1900 1805 1962 1834 Re-

1113 1857 1201 1899 publ.
1220 1858 1267 1887 II.
1291 1869 1323 1899 p.
1339 1858 1462 1898 373.C.
1488 1868 1519 1898 p.
1538 1857 1588 1896 87.
1608 1855 1729 1886 Bekk.:

1113 1911 1228 1946 τιτθῶν,
1244 1912 1371 1948 τροφῶν.
1397 1909 1435 1939 cf.
1453 1907 1624 1938 Ruhnken.
1641 1907 1679 1937 ad
1695 1906 1778 1937 Tim.
1796 1918 1826 1948 p.
1843 1908 1913 1947 256.
1931 1914 1961 1937 et

1113 1961 1185 1991 Ast.
1202 1959 1242 1990 ad
1260 1961 1374 2002 Remp.
1392 1960 1462 1990 I.6.
1486 1971 1516 2001 p.
1534 1962 1607 2000 367.
1626 1958 1679 1989 ubi
1696 1958 1786 1989 etiam
1811 1958 1849 1988 de
1872 1957 1959 1988 dissi-

1754 1858 1959 1895 παιδαγωγῶν,

1071 2011 1094 2038 F
1112 2010 1171 2041 diis
1189 2010 1470 2041 Grammaticorum
1494 2010 1525 2040 in
1548 2010 1595 2040 his
1617 2010 1745 2041 vocibus
1768 2010 1959 2052 distinguen-

1112 2062 1169 2093 dis.
1216 2063 1296 2093 Mox
1312 2062 1383 2092 dedi
1399 2062 1528 2101 μαστοὺς
1543 2073 1581 2091 ex
1599 2061 1736 2103 probatis
1752 2061 1845 2092 libris.
1890 2062 1960 2092 Dis-

1112 2113 1274 2145 tinctiones
1285 2113 1566 2144 Grammaticorum
1578 2125 1638 2143 non
1651 2125 1816 2144 moramur.
1828 2113 1957 2153 (Thom.

1113 2166 1201 2207 Mag.
1225 2177 1256 2207 p.
1271 2166 1453 2205 598—600.
1481 2176 1550 2196 cum
1576 2165 1718 2207 interprr.
1746 2166 1824 2196 Lex.
1852 2165 1959 2195 Xeno-

1111 2217 1219 2260 phont.
1238 2217 1308 2247 III.
1327 2228 1359 2259 p.
1375 2217 1425 2255 84.
1444 2217 1508 2257 85.)
1551 2217 1600 2246 De
1615 2216 1810 2253 animalibus,
1828 2227 1888 2246 non
1905 2228 1957 2246 ex-

1111 2276 1200 2311 cepto
1216 2268 1351 2305 homine,
1371 2267 1510 2298 universe
1532 2268 1637 2306 μαζοὺς
1660 2267 1779 2310 scripsit
1802 2267 1866 2310 ipse
1888 2268 1955 2297 Plo-

1111 2322 1194 2352 tinus
1215 2333 1244 2363 p.
1261 2328 1335 2362 405.
1353 2321 1389 2350 C.
1417 2319 1456 2350 de
1480 2319 1652 2361 virginibus
1676 2319 1804 2358 μαστοὺς
1826 2318 1955 2349 Lucian.

243 2384 271 2414 p.
283 2372 314 2402 li.
328 2378 363 2402 m·
381 2372 412 2401 ἐν
428 2374 488 2404 τοῖς
501 2371 951 2412 Πλάτωνος-παραδεδομένοις
967 2385 1048 2412 γενε-
1068 2374 1092 2401 G
1112 2374 1223 2404 Amor.
1236 2385 1260 2403 c.
1274 2382 1324 2414 53.
1349 2372 1388 2403 de
1403 2371 1511 2402 iisdem
1529 2371 1576 2401 vel
1592 2372 1683 2402 etiam
1702 2370 1740 2400 de
1751 2369 1872 2400 feminis
1886 2369 1957 2399 Phi-

207 2423 314 2465 θλίοις]
351 2426 371 2440 “
388 2423 504 2452 Notum
531 2430 576 2452 est
598 2423 859 2466 Philosophorum
882 2423 1048 2465 insignium

207 2474 322 2505 natales
339 2485 357 2503 a
372 2472 530 2514 discipulis
545 2480 615 2514 post
635 2473 756 2504 illorum
773 2475 835 2505 fata
850 2475 974 2505 feriatos
994 2475 1047 2506 ha-

207 2526 286 2557 bitos
303 2524 478 2555 solennibus
494 2523 648 2554 conviviis.
690 2525 739 2555 Sic
755 2525 793 2555 de
810 2525 948 2556 Platonis
964 2534 1048 2557 nata-

206 2577 278 2608 litiis
303 2575 388 2618 apud
413 2574 615 2605 Plutarchum
638 2575 738 2605 VIII.
765 2586 790 2605 1.
816 2577 957 2619 Sympos.
1000 2578 1049 2608 De

207 2628 346 2671 Epicuro
362 2626 441 2661 vide,
459 2626 481 2656 si
499 2626 600 2668 juvat,
617 2637 688 2667 quae
704 2625 760 2655 viri
775 2626 856 2658 docti
877 2628 916 2658 ad
934 2628 1049 2659 Laiirtii

208 2680 254 2709 X.
282 2680 329 2711 28.
376 2677 480 2709 Etiam
506 2678 673 2708 Πλωτίνεια
696 2677 825 2708 Athenis
849 2678 1010 2718 celebrata,
1033 2692 1049 2710 e

1111 2425 1255 2456 lostratus
1279 2425 1402 2466 Imagg.
1419 2424 1466 2453 II.
1483 2433 1536 2463 32.
1561 2434 1592 2464 p.
1614 2431 1682 2453 102.
1707 2421 1754 2451 ed.
1778 2420 1902 2451 Jacobs.
1926 2426 1956 2449 et

1113 2475 1233 2507 Welck.
1258 2475 1297 2506 de
1319 2474 1417 2506 bestia
1440 2473 1584 2504 AElianus
1601 2474 1637 2504 V.
1654 2474 1698 2503 H.
1718 2472 1825 2502 XIII.
1842 2481 1867 2501 Ι.
1887 2478 1955 2512 post

1109 2527 1174 2558 init.
1186 2527 1216 2557 in
1229 2526 1386 2557 Atalanta:
1405 2526 1508 2565 ἄρκτος
1523 2525 1583 2563 ἧκε,
1602 2525 1797 2564 στρριγώντων
1813 2523 1881 2559 αὐτῇ
1899 2524 1954 2551 τῶν

1109 2581 1205 2617 μαζῶν
1219 2578 1265 2609 καὶ
1280 2577 1493 2617 βαρυνομένων
1505 2577 1561 2607 ὑπὸ
1574 2578 1624 2606 τοῦ
1636 2575 1791 2615 γάλακτος·
1809 2573 1870 2603 εἶτα
1883 2571 1954 2601 κατά

1109 2642 1174 2659 τινα
1201 2630 1284 2659 θείαν
1307 2628 1426 2667 πομπὴν
1452 2629 1578 2666 ἡσθεῖσα
1605 2629 1643 2668 τῷ
1671 2626 1779 2665 βρέφει
1805 2623 1953 2661 ἐθήλασεν

1111 2680 1189 2710 αὐτό.
1214 2680 1263 2710 De
1280 2679 1425 2717 θηλάζειν,
1442 2679 1610 2715 lactare,ct
1626 2677 1813 2715 θηλάζεσθαι,
1830 2674 1951 2709 lactere,

1160 2735 1236 2765 m2
