2201 2990
354 335 643 378 MARSILII
681 334 880 374 FICINI
920 331 1315 374 FLORENTINI
1358 331 1423 370 IN
1464 330 1799 372 PLOTlNUM

1050 434 1099 456 AD

259 521 626 557 MAGNANIMUM
656 519 1005 554 LAURENTIUM
1036 517 1278 552 MEDICEM
1308 516 1514 550 PATRIAE
1542 516 1894 550 SERVATOREM

917 621 1238 653 PROOEMIUM.

219 682 461 737 MAGNUS
488 701 698 742 COSMUS,
725 702 1035 735 Senatusconsulto
1062 699 1188 743 patriae
1215 702 1324 741 pater,
1350 708 1420 741 quo
1447 702 1603 740 tempore
1631 697 1828 730 Concilium
1855 699 1947 730 inter

212 762 354 796 Graecos
379 767 484 804 atque
503 760 650 793 Latinos
672 760 737 793 sub
757 760 921 805 Eugenio
939 757 1102 802 pontifice
1122 756 1312 790 Florentiae
1332 755 1561 793 tractabatur,
1580 755 1829 799 philosophum
1848 756 1948 789 Grae-

212 832 302 859 cum,
321 820 462 853 nomine
481 818 692 857 Gemistum,
710 818 917 863 cognomine
937 816 1156 854 Plethonem,
1175 815 1275 858 (1111151
1302 814 1485 846 Platonem
1515 814 1676 852 alterum,
1701 814 1743 846 de
1770 814 1947 858 mysteriis

214 879 403 912 Platonicis
422 878 661 920 disputantem
682 876 884 920 frequenter
902 875 1051 908 audivit.
1106 873 1136 906 E
1157 873 1257 917 cujus
1276 884 1335 904 ore
1353 871 1503 904 ferventi
1527 872 1575 904 sic
1600 871 1739 904 afflatus
1763 877 1816 905 est
1840 872 1949 915 proti-

211 949 289 976 nus,
309 937 357 970 sic
376 936 563 973 animatus,
581 939 619 967 ut
638 934 717 966 inde
736 934 965 966 Academiam
984 932 1163 976 quandam
1183 932 1255 964 alta
1273 935 1389 963 mente
1408 930 1621 973 conceperit:
1642 930 1731 962 1111116
1750 934 1948 973 opportuno

212 996 365 1039 primum
385 999 540 1037 tempore
560 993 749 1036 pariturus.
796 992 932 1024 Deinde
950 991 1034 1024 dum
1054 994 1260 1033 conceptum
1281 993 1418 1021 tantum
1441 999 1592 1032 magnus
1612 989 1670 1020 ille
1689 988 1844 1021 Medices
1863 999 1949 1031 quo-

211 1053 398 1086 dammodo
417 1052 618 1096 parturiret,
638 1062 693 1083 me
712 1051 910 1083 electissimi
930 1050 1054 1083 medici
1074 1052 1128 1085 sui
1149 1051 1262 1084 Ficini
1282 1050 1405 1089 filium,
1424 1049 1539 1082 adime
1558 1061 1718 1093 puerum,
1734 1054 1834 1082 tanto
1852 1049 1948 1092 operi

212 1111 413 1150 destinavit,
433 1111 476 1143 ad
496 1110 560 1142 1106
580 1110 694 1152 ipsum
715 1109 878 1141 educavit
896 1109 932 1141 in
951 1109 1044 1142 dies:
1071 1120 1212 1153 operam
1233 1112 1404 1152 praeterea
1423 1108 1530 1146 dedit,
1549 1112 1589 1140 ut
1607 1119 1726 1140 omnes
1746 1119 1815 1140 non
1835 1108 1948 1140 solum

214 1169 384 1207 Platonis,
403 1168 462 1201 sed
482 1168 587 1200 etiam
608 1167 740 1199 Plotini
763 1166 870 1199 libros
892 1167 1034 1200 Graecos
1062 1168 1238 1201 haberem.
1291 1166 1377 1199 Post
1400 1166 1476 1198 haee
1503 1171 1619 1198 autem
1648 1177 1740 1198 anno
1765 1165 1950 1198 millesimo

213 1226 561 1271 quadringentesimo
579 1225 796 1270 sexagesimo
815 1226 930 1264 tertio,
949 1237 1019 1269 quo
1043 1238 1107 1271 ego
1130 1226 1350 1270 trigesimum
1379 1224 1525 1269 agebam
1554 1224 1669 1256 aetatis
1697 1234 1841 1261 annum,
1860 1222 1947 1255 mihi

214 1284 431 1317 Mercurium
451 1284 565 1326 primo
580 1283 860 1321 Termaximum,
876 1294 957 1315 mox
974 1283 1155 1317 Platonem
1175 1283 1358 1315 mandavit
1376 1282 1692 1325 interpretandum.
1730 1281 1948 1314 Mercurium

213 1343 333 1386 paucis
354 1341 529 1374 mensibus
548 1353 588 1373 eo
607 1341 747 1373 vivente
767 1342 906 1385 peregi:
935 1341 1118 1374 Platonem
1144 1345 1228 1374 tunc
1251 1341 1356 1373 etiam
1381 1351 1458 1372 sum
1487 1351 1684 1384 aggressus.
1738 1339 1819 1372 Etsi
1839 1338 1949 1371 Ploti-

214 1412 298 1433 num
317 1411 456 1444 quoque
474 1399 705 1438 desiderabat,
722 1399 855 1431 nullum
877 1403 995 1432 tamen
1014 1400 1056 1432 de
1075 1399 1139 1433 hoc
1158 1399 1422 1442 interpretando
1440 1398 1523 1430 fecit
1543 1397 1706 1430 verbum:
1726 1409 1768 1430 ne
1786 1397 1948 1442 graviore

215 1469 269 1490 me
296 1458 448 1501 pondere
475 1458 579 1490 semel
607 1468 764 1500 premere
789 1457 978 1490 videretur.
1032 1457 1150 1491 Tanta
1174 1462 1249 1490 erat
1271 1458 1337 1490 viri
1365 1457 1452 1489 tanti
1479 1467 1563 1501 erga
1589 1467 1670 1488 suos
1697 1455 1892 1493 clementia,
1913 1454 1948 1486 111

214 1528 333 1550 01111165
358 1520 457 1549 tanta
481 1515 661 1547 modestia.
716 1515 841 1558 Itaque
860 1526 922 1547 1166
946 1527 1011 1560 ego
1029 1517 1170 1559 quidem
1190 1516 1289 1559 (1111151
1310 1527 1372 1548 nec
1391 1520 1488 1547 vates
1513 1515 1656 1558 aggredi
1679 1514 1860 1546 Plotinum
1886 1512 1949 1545 ali-

213 1575 355 1619 quando
380 1574 542 1619 cogitavi.
596 1573 728 1606 Verum
756 1573 889 1606 interea
908 1573 1067 1613 Cosmus,
1086 1574 1178 1617 quod
1199 1574 1320 1606 vivens
1348 1573 1430 1606 olim
1456 1573 1491 1605 in
1517 1577 1610 1605 terra
1638 1572 1788 1607 reticuit,
1807 1570 1948 1603 tandem

213 1633 396 1676 expressit,
416 1633 468 1665 vel
494 1632 611 1675 potius
638 1632 816 1675 impressit
838 1643 881 1664 ex
905 1632 987 1664 alto.
1040 1631 1120 1670 Quo
1138 1632 1230 1664 enim
1250 1636 1406 1674 tempore
1426 1630 1609 1663 Platonem
1630 1630 1769 1662 Latinis
1796 1629 1874 1661 dedi
1903 1629 1949 1660 le-

214 1691 380 1736 gendum,
399 1690 559 1722 heroicus
578 1690 635 1722 ille
654 1690 772 1722 Cosmi
792 1690 931 1722 animus
954 1690 1127 1722 heroicam
1147 1690 1295 1722 ι1011111115
1316 1689 1389 1721 Pici
1411 1688 1627 1721 Mirandula¹
1654 1693 1804 1720 mentem
1834 1687 1948 1720 nescio

214 1749 390 1793 quomodo
418 1748 613 1792 instigavit,
632 1754 671 1781 111
690 1748 920 1787 Florentiam,
939 1753 973 1781 et
996 1749 1069 1792 ipse
1093 1749 1193 1792 (1111151
1221 1748 1377 1780 nesciens
1404 1747 1591 1790 quomodo,
1616 1746 1825 1789 perveniret.
1880 1744 1949 1777 Hic

214 1819 297 1840 sane
321 1818 391 1851 qno
416 1818 508 1839 1111110
528 1806 711 1839 Platonem
740 1818 926 1851 aggressus
953 1806 1088 1839 fueram
1116 1811 1232 1845 natus,
1251 1806 1376 1839 deinde
1400 1816 1470 1848 quo
1488 1805 1554 1843 die,
1574 1809 1608 1837 et
1633 1804 1743 1837 ferme
1766 1814 1836 1847 qua
1863 1802 1948 1835 hora

215 1866 399 1899 Platonem
419 1865 523 1904 edidi,
545 1865 759 1897 Florentiam
788 1865 941 1902 ν61116115,
960 1875 1015 1897 1116
1042 1865 1160 1897 statim
1190 1869 1268 1908 post
1295 1864 1443 1907 primam
1473 1863 1719 1895 salutationem
1740 1862 1782 1894 de
1802 1861 1949 1894 Platone

214 1928 332 1969 rogat:
352 1923 445 1963 huic,
462 1923 636 1966 Equidem
655 1922 757 1955 Plato
776 1927 904 1961 noster,
925 1923 1080 1966 inquam,
1099 1922 1202 1956 hodie
1220 1922 1401 1954 liminibus
1420 1921 1549 1953 nostris
1568 1926 1621 1953 est
1638 1931 1808 1965 egressus.
1846 1918 1949 1951 Tunc

215 1982 282 2020 ille,
301 1987 336 2015 et
362 1981 427 2014 hoc
454 1982 529 2024 ipso
557 1981 782 2013 veliementer
808 1982 1074 2025 congratulatus
1101 1985 1173 2014 est:
1201 1985 1235 2013 et
1263 1991 1344 2012 mox
1371 1980 1487 2012 nescio
1514 1979 1643 2022 quibus
1671 1977 1799 2016 verbis,
1827 1988 1866 2009 ac
1893 1978 1950 2009 ille

216 2040 325 2072 nescit
342 2039 482 2083 quibus,
502 2040 543 2072 ad
566 2039 746 2072 Plotinum
766 2040 1069 2082 interpretandum
1095 2050 1149 2072 me
1176 2050 1246 2071 non
1274 2038 1422 2071 adduxit
1439 2038 1593 2081 quidem,
1612 2037 1670 2069 sed
1697 2036 1813 2080 potius
1837 2035 1950 2068 conci-

217 2097 317 2130 tavit.
370 2097 553 2130 Divinitus
581 2097 736 2140 profecto
764 2098 904 2130 videtur
930 2098 1103 2136 effectum,
1123 2101 1173 2135 ut,
1195 2097 1278 2129 dum
1308 2096 1411 2129 Plato
1437 2096 1535 2139 quasi
1566 2098 1817 2131 renasceretur,
1844 2097 1948 2126 natus

218 2154 322 2187 Picus
340 2154 441 2188 heros
467 2156 532 2188 sub
551 2156 705 2188 Saturno
724 2167 787 2188 suo
804 2155 1004 2199 Aquarium
1024 2156 1234 2198 possidente,
1253 2154 1318 2187 sub
1337 2166 1406 2198 quo
1425 2159 1459 2187 et
1477 2165 1542 2198 ego
1560 2153 1722 2186 similiter
1741 2163 1833 2184 anno
1852 2151 1949 2195 prius

218 2212 399 2256 trigesimo
417 2219 519 2247 natus
538 2214 672 2246 fueram
688 2224 695 2246 :
723 2225 762 2246 ac
781 2214 987 2256 perveniens
1008 2213 1235 2252 Florentiam,
1255 2224 1324 2256 quo
1343 2213 1398 2245 (116.
1418 2212 1521 2244 Plato
1540 2215 1658 2244 noster
1676 2214 1728 2242 est
1747 2210 1872 2247 editus,
1890 2220 1950 2241 an-

220 2270 357 2313 tiquum
383 2271 467 2303 illud
493 2272 534 2304 de
554 2272 696 2305 Plotino
720 2271 835 2304 herois
855 2271 973 2304 Cosmi
998 2276 1116 2304 votum
1146 2270 1231 2303 mihi
1261 2281 1404 2313 prorsus
1431 2270 1617 2307 occultum,
1637 2269 1695 2300 sed
1724 2267 1788 2300 sibi
1814 2267 1949 2300 coelitus

221 2328 442 2371 inspiratum,
463 2329 551 2362 idem
572 2335 606 2362 et
626 2330 711 2362 mihi
732 2329 940 2362 mirabiliter
962 2329 1198 2372 inspiraverit.
1251 2328 1427 2367 Quoniam
1455 2339 1537 2360 vero
1562 2338 1655 2359 nunc.
1682 2327 1772 2359 circa
1799 2326 1951 2369 philoso-

219 2385 350 2429 phandi
372 2385 520 2418 officium
539 2388 695 2420 divinam
715 2388 899 2432 attigimus
918 2388 1187 2430 providentiam,
1207 2398 1323 2430 operae
1341 2386 1494 2429 pretium
1515 2385 1666 2423 videtur,
1683 2389 1723 2416 ut
1745 2395 1820 2416 eam
1846 2384 1950 2426 paulo

218 2445 324 2477 latius
347 2455 608 2487 prosequamur.
662 2445 743 2478 Non
765 2450 818 2478 est
841 2445 996 2489 profecto
1021 2445 1229 2488 putandum,
1248 2449 1362 2483 acuta,
1381 2449 1415 2477 et
1434 2443 1693 2487 quodammodo
1712 2441 1951 2485 philosophica

220 2502 402 2535 hominum
432 2502 573 2545 ingenia
599 2514 754 2546 unquam
782 2504 850 2536 alia
872 2504 1023 2547 quadam
1047 2514 1134 2541 esca,
1154 2507 1391 2546 pra‘terqnam
1419 2501 1672 2545 philosophica,
1690 2501 1733 2532 ad
1762 2499 1950 2543 perfectam

219 2561 422 2605 religionem
443 2560 533 2592 allici
554 2571 653 2603 posse
673 2562 854 2603 paulatim,
873 2567 978 2604 atque
997 2561 1151 2604 perduci.
1201 2559 1319 2593 Acuta
1337 2561 1429 2592 enim
1450 2560 1591 2604 ingenia
1610 2560 1815 2602 plerumque
1834 2557 1895 2589 soli
1916 2566 1950 2587 se

220 2619 348 2651 rationi
369 2619 605 2656 committunt,
624 2629 771 2661 cumque
796 2630 816 2650 a
837 2619 1000 2663 religioso
1018 2619 1168 2662 quodam
1196 2617 1405 2661 philosopho
1424 2617 1514 2650 hanc
1540 2617 1727 2659 accipiunt,
1747 2615 1949 2658 religionem

219 2676 336 2709 subito
355 2688 575 2709 communem
596 2676 745 2708 libenter
764 2676 977 2708 admittunt:
1005 2687 1075 2719 qua
1093 2676 1234 2719 quidem
1254 2676 1393 2714 imbuti,
1412 2676 1455 2708 ad
1475 2675 1653 2707 meliorem
1674 2671 1851 2715 religionis
1876 2681 1952 2713 spc-

222 2734 308 2767 ciem
328 2735 393 2767 sub
411 2746 537 2779 genere
555 2733 842 2777 comprehensam
868 2732 1005 2766 facilius
1029 2734 1228 2766 traduntur.
1284 2732 1408 2775 Itaque
1435 2743 1505 2764 non
1533 2731 1664 2773 absque
1690 2730 1810 2762 divina
1837 2728 1953 2772 provi-

271 2800 364 2825 VOL.
386 2801 410 2825 1.
1152 2802 1170 2823 C
