2201 2990
744 142 1139 178 PROLEGOMENA
1166 142 1456 177 LITERARIA

236 147 321 179 xxiv

282 244 325 278 V.
353 244 481 277 Gravis
500 248 552 277 est
570 255 716 277 censura
734 243 807 276 sive
825 244 1024 276 criminatio
1046 241 1150 276 Petri
1163 241 1287 282 Petili,
1306 243 1367 287 qui
1385 242 1445 276 lib.
1462 241 1490 275 I.
1509 243 1551 275 de
1570 242 1704 286 Sibylla
1723 253 1797 285 cap.
1811 240 1843 274 6.
1863 252 1896 285 p.
1912 243 1969 274 23.

242 302 422 335 Plotinum
449 302 555 335 refert
581 301 673 334 inter
697 313 765 341 eos,
784 312 872 345 quos
891 306 1002 340 vocat,
1021 301 1204 343 sapientiae
1223 300 1424 339 Antistites‚
1442 298 1505 346 qui
1523 298 1623 333 modo
1641 297 1791 345 aliquid,
1810 297 1908 344 quod
1923 297 1974 331 acl

236 360 461 406 propositum
479 358 631 399 alludat,
649 357 782 398 dicant,
795 369 929 404 parum
948 356 990 390 id
1004 368 1137 396 verum,
1156 368 1203 390 an
1217 356 1363 402 ficlsum
1380 356 1437 396 sit,
1456 361 1594 391 curant.
1647 358 1737 391 Sane
1764 358 1893 390 serium
1913 368 1972 390 ve-

243 418 358 451 ritatis
385 418 554 457 studium,
573 417 702 460 ubique
722 427 796 460 prae
815 427 850 448 se
868 415 937 448 fert
955 415 1130 453 Plotinus,
1149 416 1208 448 sed
1227 416 1489 448 abstrusissima
1515 427 1664 459 quaeque
1690 420 1880 448 sectantem
1899 426 1935 447 se
1952 426 1972 447 a

244 487 360 509 rerum
390 475 606 509 sublimitate
633 475 725 507 vinci
753 474 964 517 quandoque
991 473 1064 516 ipse
1092 483 1162 505 non
1190 473 1334 505 obscure
1365 473 1493 516 passim
1522 474 1650 511 innuit,
1676 480 1710 506 et
1736 473 1829 516 quod
1857 473 1972 506 verbis

243 534 377 577 aequari
397 533 605 577 magnitudo
623 543 739 564 rerum
759 531 959 563 divinarum
979 542 1048 563 non
1068 530 1189 573 possit,
1208 541 1320 573 neque
1338 531 1549 575 cogitatione
1567 531 1722 564 humana
1740 532 1824 563 satis
1843 532 1970 576 attingi

243 592 388 624 disserte
407 602 481 634 prae
500 602 535 623 se
553 590 620 622 fert
640 601 678 622 ac
698 589 892 632 profitetur.
945 588 1013 621 Est
1036 589 1154 626 etiam,
1174 587 1231 620 ubi
1254 587 1446 620 Platonicis
1473 588 1647 632 dogmatis
1674 588 1886 621 innutritum
1914 589 1973 622 ab·

243 650 327 693 ripit
346 649 400 682 vel
419 651 658 692 superstructa
685 647 753 679 illis
781 645 944 679 subtilior
962 646 1155 683 meditatio,
1176 646 1229 677 vel
1256 645 1519 690 imaginationis
1546 645 1755 678 foecunditas
1782 647 1973 689 speciosam

245 707 531 750 phantasmatum
551 705 678 738 nubem
699 704 842 737 obducit
861 704 1038 736 veritati*

294 764 403 797 Aliud
431 764 466 796 in
495 763 637 796 Plotino
664 762 889 806 reprehendit
906 759 1035 794 Julius
1053 758 1240 794 Firmicus
1260 759 1459 794 Blaternus
1480 761 1639 806 [Laudat
1666 761 1759 794 hunc
1785 763 1898 794 locum
1926 763 1975 795 ita

250 820 459 854 Vincentius
476 818 748 854 Bellovaeensis
766 821 802 853 in
821 821 961 863 speculo
981 819 1166 852 Historiali
1186 819 1246 852 lib.
1262 819 1306 852 V.
1326 831 1402 863 cap.
1421 822 1452 852 8.
1481 817 1696 851 sslercurins
1716 816 1976 863 Trismegistus

246 878 280 912 in
308 877 367 912 lib.
387 877 421 912 I.
450 877 495 912 de
521 876 814 917 Con-stellacione,
839 879 931 911 unde
959 878 1152 910 variantem
1182 878 1363 910 lectionem
1392 878 1576 921 adponam.
1629 876 1722 910 Utor
1748 883 1863 909 autem
1893 877 1975 910 edit.

245 938 392 982 princip.
420 937 610 982 Argentor.
639 937 731 980 apud
764 935 948 969 Mentelin.
970 939 1075 972 1473.
1108 933 1187 978 Cra]
1217 936 1309 979 quod
1338 936 1373 968 in
1401 947 1442 968 eo
1469 935 1683 968 laudandum
1712 935 1828 978 potius
1856 935 1976 967 multis

245 995 442 1028 videbitur:
471 995 557 1028 vitio
575 995 666 1027 enim
690 995 795 1027 vertit
813 995 876 1033 illi,
895 995 988 1038 quod
1007 995 1263 1038 astrologorum
1289 993 1566 1026 divinationibus
1594 1004 1663 1025 non
1692 993 1838 1026 nimium
1865 993 1977 1025 tribu-

246 1054 322 1086 erit.
376 1053 499 1096 Neque
525 1057 641 1085 tamen
670 1052 734 1085 hoc
758 1057 888 1085 temere
912 1052 994 1084 fecit
1014 1052 1198 1090 Plotinus;
1227 1051 1286 1084 sed
1305 1062 1413 1094 quum
1442 1051 1632 1094 plurimum
1662 1051 1768 1083 studii
1797 1051 1846 1083 illi
1874 1051 1976 1084 disci-

248 1111 353 1154 plina.¹
381 1110 618 1153 impendisset,
637 1114 671 1142 et
695 1110 887 1142 vanitatem
916 1110 992 1153 ejus
1020 1110 1230 1154 agnovisset,
1250 1114 1289 1142 ut
1316 1120 1336 1142 a
1361 1109 1560 1152 Porphyrio
1587 1108 1810 1141 observatum
1840 1109 1874 1141 in
1902 1109 1978 1153 ejus

248 1169 319 1201 vita
339 1179 411 1211 cap.
430 1170 486 1201 14.
540 1168 684 1200 Firmici
707 1173 823 1201 tamen
850 1168 962 1200 locum
989 1168 1166 1211 integrum
1194 1166 1401 1205 adscribam,
1420 1167 1514 1210 quia,
1534 1171 1663 1210 praeter
1681 1167 1818 1211 insigne
1836 1167 1878 1199 de
1898 1166 1978 1200 Plo-

247 1227 320 1259 tino
339 1227 578 1259 testimonium
598 1227 702 1259 etiam
724 1227 792 1259 alia
810 1227 852 1258 de
871 1226 946 1269 ejus
966 1225 1088 1258 morbo
1105 1229 1139 1258 et
1158 1230 1315 1257 extrema
1334 1225 1417 1257 vita,¹
1437 1229 1535 1267 parte
1561 1225 1725 1262 continet,
1745 1224 1872 1268 quibus
1892 1224 1978 1257 Por-

247 1284 364 1328 phyrii
392 1285 548 1316 narratio
575 1284 783 1317 illustratur.
840 1284 894 1316 Ita
914 1295 996 1316 vero
1014 1284 1071 1316 ille
1090 1283 1179 1315 libro
1198 1283 1311 1326 primo
1335 1283 1408 1314 sive
1433 1283 1602 1325 prooemio
1621 1282 1822 1315 Matheseos
1850 1293 1882 1325 p.
1904 1281 1976 1315 VI:

248 1339 315 1374 Ad
331 1345 364 1374 le
382 1352 476 1374 nunc
497 1339 719 1385 Sirzg,¹·zllclt·c¹711
742 1340 855 1374 virum
876 1340 1030 1378 Plotine,
1051 1339 1238 1379 reniemus,
1259 1344 1298 1373 nt
1322 1339 1507 1373 citationes
1533 1343 1675 1373 nostras
1701 1338 1894 1373 recentium
1919 1350 1978 1373 ea:-

247 1460 352 1478 nomcn
369 1451 562 1477 Christianum
581 1450 639 1478 (vid
671 1450 724 1476 illis
750 1450 881 1477 llis-toria¹
904 1459 984 1486 capp.
1001 1450 1084 1477 XIII.

248 1492 327 1518 XVI.
340 1491 432 1524 XXI.)
466 1492 571 1526 Atque.
585 1491 649 1517 licet
664 1491 853 1517 Germanicus
870 1491 1009 1526 interpres
1026 1492 1085 1527 ejus

248 1532 341 1568 operis
357 1532 384 1558 in
402 1532 527 1558 editione
540 1531 616 1567 Lips.
635 1531 668 1557 ad
682 1541 742 1566 cap.
760 1531 840 1557 XIII.
858 1531 913 1557 vol.
928 1531 962 1557 II.
980 1541 1005 1566 p.
1017 1540 1052 1565 47
1065 1541 1084 1557 1.

248 1584 287 1608 sq.
306 1572 364 1598 haec
381 1572 499 1598 nimium
521 1571 623 1607 cupide
645 1577 671 1598 et
695 1571 793 1607 inique
817 1572 1002 1607 pronuntiata
1024 1581 1085 1598 esse

249 1619 407 1639 monstrare
423 1612 573 1643 studuerit,
590 1618 618 1638 et
634 1612 741 1638 Keilizts
756 1612 841 1639 etiam
861 1612 1003 1638 Professor
1021 1612 1085 1647 Lip-

248 1654 348 1680 siensis
371 1653 398 1679 in
423 1653 498 1688 llisp.
516 1653 558 1679 De
581 1652 673 1679 causis
696 1652 781 1679 alieni
805 1652 1017 1679 Platonicorum
1043 1662 1085 1678 rc-

250 1699 337 1720 ccntt.
361 1704 377 1720 a
399 1693 537 1728 religione
554 1693 716 1719 Christiana
738 1693 835 1719 animi.
856 1693 931 1728 Lips.
955 1692 1035 1727 1786.
1060 1699 1087 1719 et

250 1735 276 1761 in
291 1735 403 1760 (Yomm.
417 1734 462 1760 Dc
478 1733 643 1760 doctoribus
659 1740 715 1760 vet.
728 1733 830 1760 cccles.
847 1733 932 1769 culpa
946 1740 1087 1769 corruptze

251 1785 301 1811 pcr
312 1774 382 1801 l‘lat.
395 1774 553 1800 sententias
562 1774 726 1806 Theologize
739 1774 900 1800 liberandis.
917 1774 991 1809 Lips.
1005 1782 1087 1809 1793.

251 1826 312 1851 sqq.
330 1815 380 1841 has
396 1815 568 1850 quaestiones
583 1814 743 1840 accuratius
764 1814 965 1850 cxplmavcrit:
990 1821 1087 1840 tamen

251 1855 363 1892 plurimi
376 1855 427 1881 viri
443 1855 546 1881 cruditi
559 1864 609 1891 per
622 1855 764 1890 Europam
778 1855 928 1881 cultiorem
945 1855 1091 1890 superiore

252 1896 373 1922 maxime
388 1895 491 1921 szcculo
508 1901 536 1922 et
552 1896 605 1921 hoc
621 1895 682 1930 ipso
698 1895 784 1922 etiam
801 1895 863 1931 plus
879 1895 1010 1922 minusve
1023 1895 1091 1921 Gib-

253 1937 382 1962 honinna’
399 1936 433 1962 de
449 1936 650 1962 Alexandrinis
666 1935 842 1971 philosophis
862 1936 1012 1962 sententiae
1034 1935 1090 1961 suf-

253 1977 352 2009 fragati
379 1976 611 2008 sunt—Quibus
637 1985 729 2012 nuper
754 1976 828 2003 haud
855 1977 937 2012 pauci
964 1976 1091 2002 oblocuti

253 2024 319 2043 sunt
335 2023 363 2043 et.
378 2016 539 2053 philosophi
556 2017 678 2043 illustres
694 2023 722 2043 et
738 2016 909 2043 litteratores
924 2016 1091 2044 doctissimi.

257 2058 448 2092 I'trorumque
469 2057 578 2093 judicia
601 2057 704 2092 passini
730 2057 822 2087 rctuli,
839 2067 903 2083 cum
928 2057 962 2083 ad
988 2057 1091 2083 Plotini

254 2098 342 2124 xitani
359 2104 417 2124 tum
435 2098 469 2123 ad
486 2097 647 2127 Enneadcs,
665 2107 722 2132 quo
738 2097 892 2123 lectoribus
909 2107 1005 2124 carum
1022 2097 1091 2123 libe-

254 2148 316 2164 rum
329 2138 475 2174 judicandi
492 2138 639 2164 arbitrium
657 2138 843 2173 relinquatur.
888 2138 951 2164 Hoc
967 2138 1030 2165 loco
1046 2138 1092 2164 iis-

255 2179 320 2204 ‹icni
343 2179 515 2204 commendo
537 2178 687 2204 Staeudlini
712 2178 819 2204 Prolus.
845 2178 879 2205 de
902 2178 1091 2214 Philosophiae

257 2218 408 2245 Platonicae
424 2228 489 2244 cum
502 2218 633 2244 doctrina
647 2218 793 2253 religionis
806 2219 973 2245 (hristiana-
989 2228 1092 2254 cogna-

255 2259 333 2285 tione
350 2258 479 2294 Getting.
498 2258 581 2291 1810.
611 2259 695 2290 Quod
713 2268 780 2285 vero
798 2259 942 2285 Fabricius
957 2253 1042 2294 supra
1058 2259 1092 2285 de

255 2298 367 2326 Plotino
380 2304 406 2325 et
420 2298 574 2324 Ammonio
588 2301 676 2325 §acca
688 2298 851 2325 (hristiana
865 2309 945 2325 sacra
957 2299 1093 2334 amplexis

256 2350 288 2366 ex
309 2338 467 2373 Augustino
492 2338 610 2374 aliisque
635 2338 738 2365 refert:
763 2339 897 2365 refutavit
921 2339 974 2365 ista.
995 2340 1093 2365 Victor

257 2374 402 2406 (Jousinfin
426 2380 556 2404 ('ensura.
578 2378 704 2414 Eunapii
727 2379 795 2405 edit.
820 2379 997 2406 Boissonadii
1022 2380 1091 2412 (vid.

254 2419 373 2447 Journal
389 2419 438 2445 des
455 2420 566 2445 §arans
583 2419 664 2452 1827.
681 2419 724 2445 cd.
742 2419 833 2454 pecul.
851 2429 875 2454 p.
889 2430 915 2451 ‹).
932 2421 1005 2455 seq.)
1030 2420 1092 2446 Nec

255 2459 391 2487 credibile
414 2466 456 2485 est
479 2465 537 2485 tam
560 2459 771 2485 inconstantem
789 2459 873 2485 fuisse
891 2459 1092 2495 Porphyrium,

255 2507 295 2531 ut,
313 2500 389 2536 quod
405 2499 479 2535 apud
496 2499 652 2526 Eusebium
669 2499 697 2524 in
717 2499 751 2525 ll.
765 2499 795 2525 F..
810 2499 859 2525 VI.
874 2508 916 2533 ις).
932 2500 1009 2529 facit,
1027 2502 1094 2526 Ain-

255 2541 384 2568 monium
406 2539 546 2568 laudaret.
563 2539 638 2574 quod
655 2539 689 2565 ad
706 2539 834 2565 ethnicas
850 2540 1001 2575 religiones
1017 2546 1094 2566 tran-

256 2582 344 2611 sierit,
374 2580 587 2616 Origeneinque
617 2579 825 2605 Adamantium
861 2580 1093 2615 reprehenderet,

255 2622 330 2658 quod
347 2620 510 2647 Christiana
529 2629 608 2646 sacra
628 2619 775 2655 amplexus
796 2620 841 2649 sit,
858 2629 1012 2655 rursusque
1030 2620 1094 2646 Plo-

257 2664 347 2689 tinum
364 2662 392 2688 in
409 2660 486 2688 omni
502 2660 562 2687 vita
576 2666 728 2696 tantopere
751 2659 881 2691 coluerit,
899 2666 926 2687 et
949 2661 977 2687 in
1000 2660 1095 2686 libello

1137 1449 1259 1484 denique
1274 1448 1315 1474 De
1337 1449 1419 1485 hujus
1436 1448 1501 1475 Vita
1521 1448 1645 1475 eundem
1667 1448 1753 1475 tantis
1778 1448 1908 1476 laudibus
1928 1459 1974 1476 ex-

1137 1490 1243 1516 tulerit.
1288 1489 1396 1515 Conscr
1418 1489 1503 1515 etiam
1528 1491 1648 1515 Anuott.
1673 1495 1761 1515 nostr.
1780 1489 1806 1515 in
1826 1489 1975 1526 I’orphyro

1137 1530 1170 1556 de
1189 1530 1254 1556 Vita
1277 1529 1383 1555 Plotini
1408 1540 1468 1565 cup>
1489 1529 1539 1555 ΙΙΙ.
1567 1539 1594 1565 p.
1612 1529 1660 1563 06.
1684 1539 1724 1565 sq.
1748 1529 1792 1556 ed.
1811 1529 1923 1557 Fabric.
1948 1536 1975 1557 et

1138 1580 1199 1606 cap.
1215 1569 1293 1596 XVI.
1311 1579 1337 1605 p.
1358 1570 1420 1596 118.
1445 1570 1505 1604 Clu]

1178 1612 1192 1625 ‘¹⁴
1219 1610 1323 1645 [Miror
1340 1610 1510 1639 llarlesium,
1527 1609 1573 1645 qui
1590 1610 1624 1636 ad
1645 1609 1701 1636 vol.
1717 1608 1752 1636 V.
1774 1620 1802 1646 p.
1819 1610 1885 1645 670.
1903 1610 1975 1637 Bibl.

1139 1652 1247 1677 Graeca*
1264 1650 1343 1686 plura
1360 1651 1467 1677 utiliter
1482 1651 1635 1686 congessit,
1652 1650 1680 1677 h.
1694 1650 1712 1676 l.
1730 1650 1904 1677 Fabricianis
1923 1651 1977 1678 illis

1139 1701 1196 1718 non
1213 1691 1268 1717 alia
1284 1700 1397 1726 quoquc
1414 1700 1504 1726 eaque
1521 1691 1652 1717 universe
1669 1690 1798 1727 judicata
1813 1691 1848 1718 de
1866 1691 1978 1718 Plotino

1139 1732 1286 1768 adjecisse.
1316 1732 1498 1767 Quapropter
1513 1740 1566 1767 ego
1583 1731 1721 1757 hactenus
1737 1730 1849 1760 faciam.
1868 1737 1897 1758 ut
1914 1732 1976 1759 bre-

1140 1773 1236 1798 vimus·
1260 1782 1345 1798 cansa
1368 1772 1447 1798 locos
1470 1772 1670 1798 tantummodo
1692 1772 1862 1807 scriptorum
1886 1772 1978 1809 desig-

1142 1823 1216 1839 ncm.
1258 1812 1310 1839 Th.
1328 1812 1464 1839 (iatnkeri
1480 1812 1652 1838 Adversaria
1667 1812 1854 1838 Miscellanea
1876 1812 1924 1839 lib.
1942 1813 1978 1839 II.

1142 1863 1202 1889 cap.
1220 1863 1241 1879 i.
1266 1863 1290 1888 p.
1311 1853 1374 1886 248.
1406 1853 1549 1879 Moshem.
1567 1852 1601 1879 ad
1619 1854 1631 1877 k
1644 1852 1784 1878 udworthi
1801 1853 1921 1888 Sytema
1935 1853 1978 1880 in-

1143 1894 1306 1920 tellectuale
1322 1903 1348 1929 p.
1365 1892 1447 1919 1081.
1472 1893 1551 1919 Guer
1564 1893 1688 1919 Histoire
1702 1893 1831 1928 Critique
1846 1893 1881 1920 de
1897 1893 1979 1920 l’ame

1143 1935 1192 1961 des
1209 1935 1287 1961 botes
1304 1933 1427 1960 Amstel.
1450 1941 1532 1968 1749.
1549 1933 1631 1959 Toni.
1646 1933 1668 1960 I.
1685 1943 1712 1969 p.
1729 1934 1792 1968 256.
1810 1939 1838 1959 ct
1854 1933 1900 1969 qui
1916 1940 1979 1969 post

1144 1975 1306 2002 Harl-:sium
1323 1974 1496 2010 scripserunt
1507 1974 1551 2000 vir
1565 1973 1666 2000 doctus
1683 1973 1711 1999 in
1724 1973 1828 2000 Millini
1844 1973 1978 2010 Magazin

1144 2015 1397 2050 lint-yelopcdique
1414 2015 1486 2040 Anu.
1499 2014 1550 2040 ΙΙΙ,
1565 2016 1679 2048 (1707.)
1694 2014 1773 2040 Tom.
1786 2014 1981 2048 3.——Dauu0u

1143 2056 1170 2082 in
1190 2055 1360 2092 Biographic
1379 2054 1564 2081 Universelle.
1581 2054 1646 2081 Vol.
1661 2053 1788 2080 XXXV.
1806 2064 1832 2091 p.
1851 2054 1978 2089 79—84.

1145 2095 1355 2122 Bontcrwcckii
1378 2096 1476 2122 Neues
1498 2095 1632 2131 Magazin
1656 2094 1706 2120 der
1721 2094 1901 2130 Philosophie
1925 2095 1980 2122 und

1146 2137 1302 2162 Litteratur
1316 2136 1336 2162 I.
1354 2145 1374 2162 1.
1391 2145 1417 2171 p.
1429 2136 1555 2170 83—90.
1579 2134 1641 2161 Alia
1656 2134 1773 2171 colligas
1789 2144 1820 2161 ex
1835 2135 1980 2162 LAEVach-

1144 2177 1194 2203 lcri
1215 2176 1373 2203 llandbuch
1390 2176 1441 2202 der
1453 2175 1625 2202 Uest-hicine
1640 2174 1691 2201 der
1703 2175 1859 2202 Litteratur
1874 2175 1982 2203 Zweite

1148 2217 1356 2253 Uinarbcitung
1373 2216 1396 2243 1.
1413 2226 1441 2252 p.
1456 2224 1520 2250 271.
1538 2225 1580 2250 sq.
1598 2220 1625 2241 et
1649 2224 1681 2241 ex
1698 2214 1834 2242 Schoellii
1852 2215 1981 2243 Histoire

1144 2258 1179 2284 dc
1196 2257 1221 2283 la
1236 2256 1407 2283 Litterature
1421 2256 1553 2291 Grecque
1566 2254 1687 2281 Profane
1702 2255 1782 2281 Tom.
1796 2256 1828 2282 Υ.
1844 2266 1871 2291 p.
1889 2264 1982 2292 125—

1151 2306 1212 2332 137.
1229 2297 1273 2324 ed.
1290 2297 1370 2323 alter.
1391 2297 1438 2332 qui
1456 2296 1499 2322 xir
1517 2296 1628 2325 doctus,
1649 2296 1715 2322 licet
1739 2305 1832 2322 meam
1854 2296 1980 2329 qualem-

1145 2347 1258 2372 cunque
1281 2337 1453 2363 seutentiam
1473 2336 1513 2369 (in
1529 2335 1659 2371 Epistola
1675 2336 1708 2362 ad
1726 2336 1981 2372 Vs'yttenbachium

1144 2378 1305 2404 Plotiniano
1318 2377 1390 2403 libro
1403 2376 1437 2403 de
1450 2376 1644 2403 Pulcritudine
1657 2377 1801 2412 praemissa
1814 2386 1840 2412 p.
1852 2377 1912 2404 XL.
1923 2379 1978 2413 sq.)

1144 2428 1201 2445 non
1218 2424 1295 2444 recte
1312 2417 1480 2452 perceperit,
1492 2426 1558 2443 vere
1572 2423 1666 2442 tznnen
1684 2417 1866 2451 pronuntiat:
1889 2420 1907 2431 “
1918 2417 1981 2444 Plo·

1145 2459 1184 2484 tin
1203 2468 1218 2483 a
1234 2458 1278 2484 ete
1295 2463 1437 2483 rarcuient
1451 2457 1519 2493 juge
1535 2466 1605 2483 avec
1625 2457 1834 2492 impartialitef’
1877 2456 1980 2495 Singu-

1145 2499 1215 2525 laria
1229 2499 1264 2524 de
1281 2497 1383 2524 Plotini
1399 2497 1600 2529 insignioribus
1616 2497 1738 2524 decretis
1756 2498 1874 2534 judicia,
1890 2498 1981 2524 Bruc-

1146 2538 1216 2568 kcri,
1245 2537 1420 2567 Cudworffii,
1452 2537 1616 2567 Moshemii,
1646 2538 1843 2568 Tiedenfflnni,
1869 2537 1981 2565 Tenne-

1146 2578 1243 2605 manni
1260 2578 1486 2614 XX'yttenbachii,
1499 2577 1639 2613 'l‘ayloris,
1657 2578 1775 2604 Matteri
1791 2578 1910 2604 aliorum
1925 2578 1982 2605 suis

1148 2628 1267 2654 quzeque
1288 2618 1357 2645 locis
1373 2618 1418 2644 vel
1434 2618 1539 2645 diserte
1558 2618 1642 2645 retuli
1658 2618 1703 2645 vel
1720 2618 1844 2645 breuiter
1859 2618 1982 2645 laudavi.

1150 2660 1212 2694 [¹12]
