2201 2990
241 151 300 182 cxii

779 154 1153 186 ANNOTATIONES
1178 156 1228 186 IN
1253 155 1451 187 PLOTINI

241 237 342 268 Procli
366 236 632 279 reprehensionem
656 238 916 280 interpretationis
938 240 1088 283 Longini-
1105 242 1131 269 A
1148 240 1248 271 locum
1272 249 1411 273 nostrum
1435 242 1473 272 de
1492 243 1676 273 verecundia
1699 243 1812 274 Plotini
1836 256 1908 287 erga
1925 246 1994 277 Ori-

240 299 319 325 anae,
336 300 407 330 quae
430 288 459 319 in
478 289 608 320 Platone
630 289 821 320 secretiorem
838 291 1087 332 profundiorem-

240 351 302 381 que
325 351 446 370 sensum
471 340 658 382 negligebat,
675 341 814 372 defendit
830 343 931 373 Henr.
948 343 1087 373 Valesius

240 390 279 421 de
299 391 414 421 Critica
430 392 457 422 I.
476 401 525 423 20.
570 392 662 429 Quod
687 393 858 432 φιλοσόφου
882 404 991 423 nomen
1017 394 1046 424 11.
1066 394 1084 424 ].

238 442 365 473 attinet:
403 443 676 485 VVyttenlmcliius,
700 443 817 473 collatis
841 444 945 474 multis
970 444 1085 475 Plotini

239 493 313 524 locis
340 495 384 536 (p.
409 504 437 531 2,
456 495 498 524 D.
515 495 553 525 E.
591 495 621 531 6,
640 494 680 524 G.
720 504 769 534 19,
786 495 830 525 A.
846 495 884 524 B.
923 504 973 533 20,
991 497 1029 526 C.
1047 497 1083 526 F.

242 546 346 583 21‚E.
382 546 504 586 203,F.
538 546 665 583 204,E.
698 545 822 583 212‚F.
853 546 977 586 213,D.
1012 556 1083 587 291,

238 597 277 627 A.
311 607 383 637 293,
400 599 441 627 Α.
473 606 546 637 325,
564 597 601 627 C.
632 605 706 636 330,
723 596 758 625 A.
789 605 863 636 423,
881 597 921 626 D.
953 599 1082 636 4⁶92ss
1102 600 1125 628 B

237 650 312 689 556,
331 650 372 678 A.
403 649 476 688 659,
494 648 534 678 Ε.
567 648 638 687 760,
658 647 710 686 Β.)
736 647 899 688 probatum
924 647 1082 685 111,Ρ11)11-

237 710 312 729 num
330 700 516 738 φιλοσόφους
532 709 591 728 11011
608 698 672 727 sere
695 698 850 740 appellare
865 697 921 728 nisi
939 699 1081 730 Platoni-

235 761 294 787 cos,
311 758 363 781 aut
380 750 403 780 si
419 750 488 791 quis
510 749 635 780 alterius
657 756 748 779 sectae
759 749 865 779 'socius
887 761 957 780 eum
976 751 1079 781 Plato-

235 802 316 831 nicis
327 802 504 831 consentiat.
531 800 615 839 (Vid.
630 800 753 831 Mahnii
768 800 908 842 Epistoll.
922 801 1079 832 Sodalium

237 854 366 883 Socratt.
394 851 606 882 Philomathiae
632 863 665 894 p.
687 860 755 892 172.
774 854 834 894 sq.)
881 853 931 883 Ne
955 853 1018 895 ipse
1042 853 1081 884 ab

234 903 290 934 hac
312 915 400 933 coena
415 915 540 945 prorsus
556 904 729 942 ἀσύμβολος
743 903 908 941 discedam,
926 916 1079 946 apponam

230 955 348 996 aliquot
364 956 444 985 locos
459 962 609 985 veterum.
644 956 694 985 Ac
711 955 930 986 Theodoretus
946 957 1080 999 Dialogo
1098 963 1121 990 C

231 1007 331 1048 primo
354 1007 391 1036 tle
414 1006 565 1036 'l‘riuitate
588 1018 618 1048 p.
637 1015 708 1046 947.
730 1006 866 1037 Schulz.:
893 1009 929 1037 τὰ
953 1009 983 1038 δὲ
1010 1009 1078 1039 ἑπό-

229 1071 304 1096 μενα
327 1058 416 1094 οἶδας,
434 1059 459 1088 εἰ
481 1059 646 1097 φιλόλογος
669 1057 705 1095 εἶ,
723 1057 775 1087 11111
799 1065 844 1088 est
867 1058 921 1099 qui
945 1058 974 1088 111
993 1059 1029 1089 V.
1047 1066 1078 1089 et

229 1109 269 1139 N.
290 1110 330 1139 T.
359 1109 504 1138 librorum
531 1109 659 1139 lectione
684 1109 779 1150 probe
801 1116 939 1140 versatus
961 1117 1016 1147 est,
1043 1118 1077 1142 ut

227 1160 392 1201 insigniora
403 1168 484 1190 certe
498 1160 673 1190 memoriter
685 1168 796 1191 teneat.
827 1161 978 1203 Myrtilus
990 1162 1073 1204 apud

228 1211 416 1242 Atha-naam]
444 1212 551 1241 XIII.
577 1223 607 1252 p.
625 1213 697 1242 610.
715 1212 747 1242 d.
776 1224 805 1254 p.
826 1221 895 1243 211.
915 1213 1073 1253 Schwglm

227 1263 287 1294 Εἶτ’
305 1264 356 1293 οὐκ
378 1264 435 1302 ἐγὼ
456 1264 570 1295 δικαίως
588 1263 699 1295 πάντας
714 1265 786 1302 ὑμᾶς
807 1264 872 1296 τοὺς
889 1267 1076 1305 φιλοσόφους

225 1316 301 1355 μισῷ
324 1315 579 1353 μισοφιλολόγους
601 1315 696 1346 ὄντας.

227 1366 296 1396 III.
318 1377 347 1407 p,
366 1375 446 1404 410:
471 1365 620 1404 Ἰσίδωρος
635 1367 650 1395 ὁ
667 1367 850 1406 φιλόσοφος,
867 1366 905 1399 ὥς
920 1372 994 1407 φησι
1012 1372 1071 1398 Δα-

224 1417 357 1456 faciamos,
374 1417 470 1447 πάντα
492 1419 527 1447 τὰ
549 1420 606 1447 τῶν
626 1420 761 1447 παλαιῶν
778 1418 917 1455 ἐξετάζων
933 1419 984 1448 οὐκ
1000 1420 1074 1449 ἀνίει

225 1469 295 1509 πρὸς
315 1469 347 1499 τὸ
371 1468 594 1507 ἀκριβέστατον.
642 1470 758 1498 Contra
784 1468 864 1499 idem
893 1470 1074 1500 Daumscius

223 1521 252 1551 111
270 1520 376 1551 eadem
392 1519 461 1550 Vita
480 1519 701 1561 Apollodotum
718 1519 791 1550 (licit
807 1521 879 1560 πρὸς
893 1523 1074 1561 φιλολογίαν

224 1571 478 1612 ε’ρῤωμενέστερον
493 1570 510 1608 ἦ
527 1571 598 1610 πρὸς
618 1573 787 1611 θεολογίαν.
829 1572 940 1603 Suidas
963 1573 1001 1603 (le
1025 1587 1074 1604 eo-

221 1623 290 1653 dem
312 1622 432 1652 Isidoro
451 1623 498 1652 II.
520 1633 550 1664 p.
572 1632 647 1662 150:
675 1624 741 1661 ἐμοί
761 1636 792 1654 τε
814 1626 909 1654 δοκεῖν
932 1625 984 1662 τὴν
999 1625 1073 1663 ζωὴν

1147 304 1256 333 genem
1273 292 1356 324 hunc
1372 293 1572 324 Needhamus
1587 294 1742 336 corrigens
1756 306 1889 326 errorem
1904 297 1996 327 Pear-

1148 345 1224 380 soni,
1242 344 1308 385 qui,
1326 352 1359 374 ut
1380 344 1430 374 alii
1448 344 1503 375 viri
1519 344 1612 382 docti,
1630 346 1712 376 hunc
1735 346 1864 377 alterum
1883 347 1992 390 Orige-

1147 405 1216 424 nem
1246 394 1361 425 Plotini
1393 395 1635 437 condiscipulum
1667 406 1696 427 et
1726 398 1863 439 profanis
1893 399 1994 436 sacris,

1146 456 1207 475 non
1225 445 1408 476 Christianis
1422 446 1580 476 addictum
1597 447 1801 489 ignoraverat.
1839 449 1909 479 vid.
1926 450 1994 481 The

1147 495 1289 526 Classical
1307 496 1451 533 Journal,
1470 496 1536 527 Vol.
1554 498 1620 529 IX.
1642 510 1670 540 p.
1686 508 1757 541 273.
1774 512 1819 541 sq.
1838 508 1903 531 not.
1923 511 1947 531 1.
1963 510 1993 532 et

1148 554 1176 577 2.
1217 547 1296 577 Ron
1317 548 1494 578 ἀνίλλεσθαι
1509 550 1560 580 τὰς
1575 551 1743 588 προθυμίας.
1781 551 1925 582 Debebat
1941 552 1993 582 Fi-

1145 596 1249 627 cinus:
1278 599 1455 640 constringi
1478 610 1501 629 s.
1524 599 1655 630 cohiberi
1679 612 1701 631 s.
1724 603 1855 643 reprimi
1878 603 1991 634 studia.

1146 648 1316 679 Ruhnken.
1341 649 1379 679 ad
1401 649 1486 679 Tim.
1514 661 1543 692 p.
1560 660 1619 691 35:
1657 655 1677 669 “
1694 653 1744 682 Ex
1774 653 1990 685 Atticistarum

1144 708 1299 743 praeeepto
1322 700 1516 743 Porphyrius
1539 700 1576 731 de
1594 702 1664 732 Vita
1685 702 1799 733 Plotini
1822 716 1848 734 c.
1868 705 1990 735 XIV.’'

1144 761 1319 794 sequuntur
1334 753 1398 795 ipsa
1415 753 1516 783 verba.
1553 754 1601 784 De
1618 753 1674 784 hoc
1688 755 1789 785 Verbo
1804 755 1868 797 ipse
1886 757 1991 787 monui

1143 804 1182 834 ad
1203 804 1416 846 Olympiodor.
1441 804 1470 834 in
1497 804 1618 835 Platon.
1636 805 1704 835 Alc.
1723 817 1769 847 pr.
1788 807 1818 846 ξ.
1834 815 1863 847 5.
1888 819 1919 849 p.
1935 808 1989 846 48.

1143 855 1226 886 etad
1246 856 1355 886 Plotin.
1376 856 1402 886 I.
1422 857 1470 886 62.
1488 867 1518 898 p.
1533 865 1583 897 51.
1599 856 1634 886 F.
1662 858 1716 887 Cr.

1184 917 1214 948 p.
1232 906 1293 936 lxv.
1311 906 1328 937 i.
1352 906 1443 945 Ἐμοῦ
1463 908 1494 937 δὲ
1519 908 1551 937 ἐν
1566 907 1769 939 Πλατωνείοις
1788 909 1897 946 ποίημα
1917 909 1988 939 ἀνα-

1142 958 1278 1000 γνόντος]
1306 959 1384 988 Haec
1402 957 1546 988 Platonea
1563 959 1727 999 Longinus
1749 959 1838 989 etiam
1856 959 1990 991 celebra-

1140 1009 1192 1039 bat
1218 1009 1361 1039 nimirum
1386 1009 1522 1039 Athenis.
1569 1009 1723 1052 l'orphyr.
1743 1022 1793 1052 ap.
1812 1011 1930 1041 Euseb.
1949 1012 1986 1043 P.

1140 1061 1180 1091 E.
1199 1061 1243 1091 X.
1259 1071 1287 1101 3.
1324 1061 1443 1090 Locum
1461 1072 1555 1102 supra
1570 1060 1788 1103 adscripsimus
1801 1062 1838 1091 ad
1856 1073 1922 1104 cap.
1937 1063 1987 1093 II.

1140 1123 1171 1152 p.
1189 1121 1241 1151 95.
1269 1111 1318 1141 ed.
1336 1111 1459 1141 Fabrie.
1506 1112 1557 1142 Cf.
1585 1112 1675 1142 etiam
1704 1113 1802 1142 IIenr.
1822 1112 1921 1144 Vales.
1947 1113 1987 1144 ad

1139 1163 1257 1193 Euseb.
1278 1164 1321 1192 H.
1334 1163 1372 1192 F.
1390 1163 1445 1192 vl.
1460 1173 1506 1202 19.
1524 1174 1555 1204 p.
1570 1172 1641 1203 245.
1659 1163 1707 1193 ed.
1720 1164 1849 1194 Taurin.
1888 1165 1985 1195 Hunc

1138 1225 1252 1244 morem
1269 1213 1522 1244 celebrandorum
1542 1214 1758 1244 l’latoncorum
1776 1214 1878 1256 attigit
1894 1215 1984 1246 etiam

1138 1264 1348 1295 Elmenhorst.
1364 1264 1403 1294 ad
1420 1264 1614 1306 Appuleium
1634 1266 1682 1295 De
1700 1264 1899 1307 Philosophia
1915 1266 1985 1297 Pla-

745 1315 856 1346 Suidas
880 1316 910 1346 in
935 1317 1075 1355 Συριανὸς
1094 1324 1119 1351 D
1138 1316 1217 1346 tonis
1233 1316 1285 1346 111).
1305 1317 1331 1346 Ι.
1350 1324 1420 1358 post
1436 1315 1502 1346 init.
1537 1315 1653 1357 Taylor
1667 1315 1706 1346 ad
1727 1316 1860 1358 Lysiam,
1877 1316 1929 1348 ubi
1947 1317 1986 1348 de

1138 1368 1335 1406 Προμηθείοις
1360 1368 1515 1406 (Oratorr.
1541 1368 1614 1397 Grr.
1632 1368 1688 1398 VI.
1717 1379 1748 1409 p.
1765 1377 1837 1409 929.
1861 1367 1984 1410 Reisk.)

1136 1418 1201 1449 ha‘e
1218 1419 1395 1449 Πλατώιέια
1416 1418 1522 1449 laudat
1539 1423 1560 1436 “
1573 1430 1610 1449 ex
1634 1419 1744 1449 I’roclo
1764 1418 1803 1449 de
1820 1419 1891 1450 Vita
1905 1420 1985 1451 Por-

1130 1470 1272 1511 phffl·ie'.”
1319 1469 1423 1500 Voluit
1447 1470 1493 1499 vir
1513 1469 1724 1500 doctissimus:
1750 1482 1787 1500 ex
1809 1470 1984 1513 l‘orphyrio

1135 1521 1173 1551 de
1189 1521 1257 1551 Vita
1273 1521 1397 1551 Plotini.
1436 1521 1582 1552 Libenter
1599 1521 1725 1552 laudant
1739 1521 1885 1552 Platonici
1901 1521 1982 1553 diem

1135 1572 1247 1602 mensis
1259 1573 1436 1614 septimum,
1450 1580 1558 1614 utpote
1572 1572 1693 1603 Platoni
1707 1572 1849 1603 natalem.
1882 1574 1983 1605 Docet

1136 1623 1344 1659 Valekenaer.,
1371 1623 1422 1654 ubi
1446 1623 1485 1653 de
1513 1625 1640 1662 ἑβδομὰς
1662 1632 1692 1654 et
1720 1626 1829 1663 ἑβδόμη
1852 1625 1927 1666 agit,
1950 1625 1980 1656 in

221 1675 276 1713 μὲν
297 1675 332 1712 ἦν
347 1675 526 1713 φιλόσοφος,
543 1675 579 1704 τὰ
599 1675 629 1703 δὲ
649 1674 720 1713 πρὸς
741 1674 902 1713 ἐπιστήμην
923 1676 956 1705 οὐ
978 1678 1069 1715 διεξη-
1089 1688 1113 1714 Ε
1134 1675 1276 1705 Diatribe
1306 1675 1344 1705 de
1375 1675 1558 1705 Aristobulo
1587 1675 1704 1705 ‹Juda‘o
1741 1676 1769 1715 ξ.
1798 1676 1978 1707 XXXIX.

221 1725 375 1764 τασμένος·
402 1726 589 1764 ἀγύμναστος
612 1724 652 1755 ὢν
672 1728 790 1763 μᾶλλον
811 1725 828 1764 ἦ
850 1727 943 1765 ἀφυὴς
958 1729 993 1758 τὰ
1009 1731 1069 1758 δια-

220 1776 348 1807 λεκτικά.
388 1777 468 1806 Ila-c
490 1775 529 1806 ‹le
546 1776 668 1806 l'lotino
687 1787 777 1807 nemo
793 1777 917 1815 dixerit,
935 1779 987 1820 qui
1007 1780 1071 1809 En-

220 1827 332 1857 neades
348 1827 464 1867 legerit,
481 1835 511 1857 et
527 1839 561 1857 ea
577 1827 776 1869 reputaverit,
792 1840 862 1870 qua*
882 1829 910 1859 111
929 1829 986 1860 hoc
1004 1830 1070 1872 ipso

219 1879 319 1920 capite
343 1878 381 1908 de
406 1878 473 1919 ejus
496 1880 680 1920 πολυμαθείᾳ
703 1880 838 1910 narravit
863 1881 1068 1923 Porphyrius,

220 1941 274 1960 nee
294 1931 535 1969 μισοφιλόλογον
555 1941 624 1960 eum
647 1930 810 1972 quisquam
835 1932 998 1969 censuerit,
1015 1933 1067 1974 qui

219 1980 303 2017 sciat,
321 1988 470 2022 quantum
497 1980 638 2012 tribuerit
662 1981 808 2012 literatori
835 1982 1016 2025 l’orphyrio,
1035 1992 1066 2015 ut

1133 1737 1161 1768 p.
1183 1736 1250 1765 124.
1299 1728 1410 1757 Postea
1433 1726 1545 1756 renatis
1569 1726 1663 1757 literis
1686 1738 1783 1768 quum
1810 1727 1979 1758 Laurentio

1134 1777 1278 1807 Medic-eo
1293 1785 1418 1808 auctore
1438 1778 1581 1808 l'latonea
1598 1777 1662 1808 haee
1683 1778 1842 1809 Florentiae
1859 1778 1977 1810 instau-

1133 1837 1285 1865 rarentur,
1299 1829 1379 1859 diem
1398 1829 1562 1871 septimum
1581 1829 1691 1859 mensis
1709 1829 1892 1859 Novembris
1908 1829 1979 1861 Pla-

1132 1880 1211 1910 tonis
1238 1880 1369 1911 natalem
1397 1880 1582 1911 hahuerunt.
1624 1880 1692 1911 Vid.
1722 1880 1851 1910 Marsilii
1879 1881 1977 1911 Ficini

1132 1932 1342 1962 Conunentar.
1366 1931 1396 1962 in
1426 1931 1546 1962 Platon.
1573 1931 1704 1962 Conviv.
1732 1943 1763 1973 p.
1783 1940 1856 1972 373.
1884 1939 1914 1962 et
1937 1932 1977 1963 cf.

1132 1982 1221 2012 Will.
1244 1983 1356 2013 Roseoe
1374 1983 1445 2013 Life
1460 1984 1496 2013 of
1510 1983 1652 2013 Lorenzo
1667 1982 1714 2013 (le'
1724 1982 1839 2013 Medici
1861 1994 1887 2013 c.
1906 1984 1975 2014 III.

217 2032 292 2063 alios
308 2039 434 2063 taceam.
470 2034 616 2063 Ceterum
634 2032 741 2063 exhoe
756 2033 869 2063 Plotini
886 2033 968 2064 dicto
983 2035 1066 2065 Lon·
1088 2043 1110 2070 F
1131 2033 1203 2075 ibiq.
1237 2034 1318 2064 laud.
1359 2036 1448 2076 Spec.
1479 2033 1557 2064 liter.
1589 2033 1672 2063 Flor.
1701 2033 1766 2063 Vol.
1792 2034 1839 2064 II.
1867 2046 1899 2076 p.
1923 2036 1974 2065 60.

217 2083 323 2125 ginum
342 2083 528 2125 professione
549 2083 780 2125 philosophum,
797 2096 857 2114 non
874 2085 1066 2127 philologum

217 2134 311 2164 fuisse
326 2134 474 2175 eolligunt
489 2134 628 2165 Valesius
644 2135 682 2165 ad
702 2135 818 2166 Euseb.
836 2136 880 2167 H.
895 2137 932 2166 E.
948 2137 1003 2167 VI.
1020 2148 1065 2179 19.

217 2192 248 2215 et
264 2185 434 2215 Ruhnken.
451 2185 490 2216 (lc
507 2186 651 2226 Longino
669 2188 696 2227 ξ.
716 2187 744 2217 8.
762 2198 791 2229 p.
806 2188 879 2227 506.
905 2188 959 2218 Cr.

262 2248 292 2278 p.
312 2237 383 2267 lxiv.
402 2237 428 2267 ¹¹.
451 2237 626 2276 Ὠριγένους
646 2238 676 2267 δὲ
699 2237 924 2276 ἀπαντήσαντος
941 2252 1004 2269 κ.τ,
1017 2240 1062 2280 A]

218 2292 238 2306 “
250 2288 400 2328 Origenes
416 2299 475 2317 nou
493 2287 698 2318 Adamantius
713 2289 763 2318 sed
780 2300 817 2318 eo
832 2288 937 2330 paullo
947 2290 1066 2331 junior,

218 2338 328 2369 Plotini
345 2338 583 2380 eomliseipulus,
595 2339 633 2369 de
646 2351 709 2380 quo
721 2350 815 2380 supra
830 2352 854 2369 c.
865 2341 920 2381 3.''
936 2340 1063 2371 Fabric.

1130 2085 1233 2122 Quid?
1252 2085 1372 2115 Sit-culo
1384 2085 1474 2115 etiam
1490 2085 1625 2115 XVIII.
1645 2084 1850 2115 castilionous
1863 2087 1975 2117 Comes

1131 2136 1349 2177 (Castiglione)
1368 2137 1515 2165 l'latonea
1539 2135 1670 2166 restituit
1689 2135 1865 2166 Florentiae.
1904 2136 1972 2167 Vid.

1130 2187 1305 2228 Sieveking.
1328 2186 1512 2217 Geschiehte
1536 2186 1590 2216 der
1612 2186 1731 2217 Platon.
1751 2188 1918 2218 Academie
1941 2200 1973 2231 p.

1127 2249 1179 2279 59.
1228 2239 1306 2268 Mox
1330 2238 1381 2268 τὸν
1405 2237 1483 2276 ἱερὸν
1502 2237 1598 2276 γάμον
1620 2238 1789 2268 seeundum
1813 2238 1971 2281 antiquam

1128 2289 1423 2329 reconditioremque
1445 2288 1646 2329 'l'heologiam
1670 2289 1881 2331 accipiendum
1908 2301 1972 2320 esse

1126 2340 1238 2371 (locent
1263 2339 1411 2382 apposita.
1460 2339 1587 2370 l‘roclus
1617 2340 1646 2369 in
1672 2340 1755 2370 Tim.
1777 2341 1813 2371 V.
1844 2352 1874 2383 p.
1899 2350 1970 2382 293.

216 2389 330 2421 Plotini
348 2389 552 2430 Origenisquc
575 2397 722 2431 tanquam
744 2390 904 2420 Ammonii
927 2391 1061 2433 diseipu-
1082 2400 1108 2427 G
1128 2391 1300 2431 (adhibitus
1330 2390 1420 2420 etiam
1453 2392 1592 2421 Gesuero
1621 2391 1658 2421 ad
1687 2392 1823 2433 Orphica
1854 2393 1969 2434 Fragg.

215 2442 314 2472 lorum
339 2442 523 2472 mentionem
544 2441 616 2472 facit
634 2441 793 2472 Hierocles
811 2442 896 2483 apud
914 2442 1062 2473 Photium

217 2493 294 2524 Cod.
322 2502 392 2531 214.
427 2504 458 2534 p.
480 2501 549 2533 173.
570 2504 598 2522 a.
625 2492 695 2522 infr.
724 2492 869 2530 Bekkeri,
894 2504 1063 2536 rursusque

215 2544 294 2575 idem
318 2543 397 2575 Cod.
417 2553 489 2584 251.
513 2555 545 2585 p.
561 2544 633 2582 460.
649 2543 681 2574 b.
705 2551 905 2585 posteaquam
929 2545 1060 2575 Ammo-

214 2595 299 2625 nium
322 2594 512 2637 praedicavit,
529 2594 571 2625 ita
592 2594 710 2637 pergit:
734 2594 864 2632 μάλιστα
880 2596 911 2625 δὲ
926 2598 986 2627 τοῖς
1002 2597 1062 2635 ἀρί-

214 2659 294 2678 στοις
314 2649 371 2676 τῶν
393 2646 468 2687 αὐτῷ
491 2647 718 2685 συγγεγονότων
741 2645 886 2687 Πλωτίνῳ
912 2646 957 2676 καὶ
980 2645 1060 2685 Ὠρι-

213 2696 294 2736 γένει
311 2697 357 2727 καὶ
372 2700 431 2729 τοῖς
447 2698 512 2735 ἑξῆς
527 2696 574 2727 ἀπ’
588 2697 693 2728 αὐτῶν.
723 2696 841 2739 Attigit
855 2704 960 2728 autem
978 2696 1060 2729 hunc

1127 2442 1300 2473 XXXVI.
1324 2453 1355 2483 p.
1372 2452 1446 2483 493.
1464 2443 1608 2481 Herm.):
1634 2443 1686 2480 τὴν
1703 2443 1809 2473 ἕνωσιν
1831 2444 1877 2474 καὶ
1896 2456 1967 2481 συμ-

1123 2494 1236 2531 πλοκὴν
1250 2496 1307 2523 τῶν
1324 2493 1473 2531 δυνάμεων
1488 2494 1816 2532 ἀδιαίρετον-εἰώθασι
1831 2493 1926 2533 γάμον
1941 2495 1969 2524 οἱ

1123 2546 1260 2584 θεολόγοι
1284 2544 1622 2583 προσαγορεύειν-καθ’
1639 2544 1658 2574 ἆ
1681 2549 1773 2584 φησιν
1789 2545 1804 2574 ὁ
1825 2545 1967 2583 θεολόγος

1124 2594 1293 2635 (Ὀρφεύς).
1331 2596 1455 2635 Πρώτην
1471 2597 1527 2635 γὰρ
1544 2597 1660 2635 νύμφην
1675 2597 1820 2626 ἀποκαλεῖ
1832 2595 1884 2633 τὴν
1899 2597 1965 2634 γῆν,

1123 2646 1168 2676 καὶ
1195 2647 1358 2685 πρώτιστον
1382 2646 1477 2686 γάμον
1501 2646 1553 2684 τὴν
1577 2647 1684 2677 ἕνωσιν
1710 2646 1794 2683 αὐτῆς
1818 2645 1966 2685 πρὸςιτὸν

1121 2698 1257 2737 οὐρανόν.
1275 2711 1299 2728 κ.
1312 2711 1336 2728 τ.
1349 2702 1378 2729 λ.
1421 2696 1566 2728 Similiter
1583 2696 1777 2739 Pherecydes
1794 2696 1914 2739 Syrius,
1927 2697 1966 2728 de
