2201 2990
494 362 1023 422 MARSILII
1116 360 1472 418 FICINI

966 494 1002 516 IN

590 591 740 630 LIBR.
772 591 849 629 DE
882 587 1389 633 PULCHRITUDINE,

711 710 1260 762 ARGUMENTUM.

130 986 165 1025 A
186 987 313 1039 prima
342 986 524 1031 essentia,
545 985 638 1031 vita,
658 990 797 1023 mente
822 989 1015 1022 emanant
1040 982 1221 1021 influxus
1247 994 1318 1034 per
1345 980 1491 1025 omnia,
1512 986 1709 1033 tanquam
1731 979 1844 1025 radii,

680 1061 806 1093 voces,
826 1047 947 1085 verba
967 1061 1038 1099 per
1059 1061 1128 1086 sex
1148 1045 1308 1099 gradus.

130 1147 379 1199 INFLUXUS
402 1167 529 1209 quidam
545 1167 583 1197 ab
604 1167 671 1209 ipso
693 1174 763 1197 ente
786 1177 840 1208 per
862 1165 965 1196 onmia

130 1211 241 1254 passim
264 1211 345 1242 entia
374 1218 515 1241 manant:
541 1210 594 1240 sed
617 1221 679 1251 qua
700 1209 815 1239 ratione
840 1209 871 1239 in
899 1208 965 1250 ipso

131 1254 259 1285 essentia
281 1262 336 1291 est,
354 1253 509 1295 praecipue
531 1264 586 1294 per
612 1252 739 1283 modum
763 1251 866 1282 solaris
889 1251 965 1281 radii

131 1297 307 1340 profluunt:
332 1308 393 1338 qua
418 1308 489 1326 vero
513 1295 572 1326 illic
598 1303 643 1326 est
664 1295 737 1333 vita,
759 1307 814 1337 per
838 1294 965 1325 modum

132 1340 196 1371 soni
211 1348 241 1370 et
258 1340 338 1370 vocis
353 1345 521 1381 erumpunt
534 1351 540 1369 t
565 1350 627 1380 qua
642 1338 775 1380 denique
791 1338 903 1368 ibidem
919 1344 965 1367 est

132 1383 312 1419 intellectus,
336 1382 366 1413 in
389 1382 516 1412 modum
538 1381 734 1423 significantis
754 1380 839 1411 verbi
859 1381 964 1411 ferun-

132 1434 182 1457 tur
196 1439 201 1456 :
227 1434 256 1456 ct
272 1437 334 1467 qua
349 1425 433 1455 velut
448 1424 522 1455 radii
542 1424 669 1466 quidam
689 1431 771 1461 sunt,
788 1424 886 1454 visum
904 1434 966 1453 mo-

133 1481 201 1499 vere
220 1469 381 1499 videntur:
406 1479 469 1509 qua
482 1467 530 1498 vel
552 1479 652 1505 voces,
673 1474 728 1497 aut
751 1467 826 1503 soni,
843 1466 965 1508 pulsare

130 1524 237 1542 aures:
262 1523 324 1552 qua
343 1519 490 1552 tanquam
508 1510 611 1548 verba,
635 1510 828 1552 potissimum
850 1509 966 1540 animos

130 1566 305 1597 provocare.
342 1554 470 1595 Ubique
485 1565 557 1584 vero
573 1562 718 1595 tanquam
735 1552 865 1595 pulchra
881 1564 967 1594 quae-

129 1598 211 1634 dam,
223 1597 284 1628 sive
300 1596 544 1639 pulchritudines
556 1596 667 1638 aliquae
679 1596 766 1627 nobis
782 1603 962 1626 occurrunt:

129 1652 198 1671 nam
219 1641 258 1671 ab
280 1640 346 1682 ipsa
367 1639 605 1682 pulchritudinis
625 1639 721 1681 ipsius
739 1639 839 1669 forma
859 1650 969 1680 prove-

130 1684 227 1714 niunt.
274 1684 354 1714 Cum
374 1694 445 1713 vero
465 1683 561 1724 ipsam
584 1682 846 1724 pulchritudinem
870 1681 965 1712 nomi-

130 1738 247 1763 namus,
271 1737 325 1768 per
348 1725 474 1756 modum
497 1725 621 1767 quidem
640 1725 758 1763 formae,
779 1725 810 1755 id
834 1732 878 1755 est
900 1732 965 1755 tan—

130 1781 222 1811 quam
238 1768 395 1799 formalem
421 1768 682 1810 pulchritudinem
703 1768 804 1810 ipsum
825 1779 877 1798 ens
893 1779 964 1809 pro-

130 1812 195 1854 prie
217 1811 344 1853 intelligi
365 1811 527 1842 volumus:
552 1811 605 1842 sed
627 1823 682 1853 per
705 1811 832 1841 modum
854 1822 964 1848 causae,

132 1855 161 1885 id
188 1863 243 1891 est,
269 1862 415 1896 tanquam
445 1854 684 1897 pulchritudinis
708 1854 804 1896 ipsius
830 1865 965 1891 causam,

133 1897 248 1928 bonum
261 1897 361 1940 ipsum
375 1898 516 1928 volumus
531 1897 668 1940 cogitari.
701 1898 823 1927 Bonum
835 1908 967 1938 namque

133 1940 230 1971 lucem
241 1941 336 1982 ipsam
348 1940 409 1971 sive
421 1940 535 1972 fontem
549 1940 788 1982 pulchritudinis
800 1940 966 1977 emicantis,

134 1991 164 2013 et
184 1983 254 2013 inde
270 1983 391 2013 fluentis
413 1995 476 2014 esse
497 1992 651 2025 putamus.
699 1983 967 2013 Pulcln·itudinein

135 2037 206 2056 vero
222 2025 409 2067 splendorem
426 2026 465 2057 ab
486 2026 551 2068 ipsa
565 2027 637 2057 boni
654 2026 721 2056 luce
735 2034 921 2061 manantem,
937 2025 968 2056 id

134 2076 190 2105 est,
208 2068 307 2110 ipsum
323 2080 374 2098 ens
389 2069 428 2099 ab
446 2080 508 2099 uno
527 2069 594 2111 ipso
613 2070 756 2110 bonoque
778 2068 967 2111 dependens.

139 2111 184 2141 Ab
200 2111 265 2152 ipso
288 2122 392 2141 rursus
408 2119 486 2149 ente,
503 2112 579 2142 sicut
595 2112 745 2149 dicebam,
762 2111 899 2142 influxus
913 2123 968 2153 per

135 2154 236 2183 omnia
258 2153 341 2184 velut
362 2153 471 2192 radios,
487 2166 585 2192 voces,
608 2155 710 2192 verba,
734 2154 883 2196 proficisci
906 2166 967 2185 non

134 2196 322 2226 dubitamus.
368 2196 510 2227 Influxus
536 2197 685 2239 ejusmodi
714 2197 813 2239 primo
838 2197 964 2239 quidem

135 2247 206 2269 sunt
222 2239 250 2268 in
267 2238 332 2280 ipsa
346 2238 457 2270 diviuae
472 2241 581 2271 mentis
595 2240 679 2271 idea:
696 2240 830 2271 seeundo
845 2240 874 2270 in
892 2252 966 2282 qua-

136 2282 209 2312 libet
232 2281 302 2311 inde
324 2289 424 2312 mente
447 2282 669 2324 suscipiuntur:
694 2295 749 2325 per
765 2283 964 2314 universalem

135 2336 206 2355 vero
216 2323 438 2366 providentiam
447 2324 477 2354 in
487 2325 551 2366 ipsa
559 2326 723 2356 mundanae
732 2326 841 2357 animae
850 2335 966 2357 mente:

136 2367 224 2398 tertio
240 2367 269 2396 in
282 2366 420 2414 ejusdem
438 2367 545 2398 animae
560 2368 692 2399 ratione:
718 2377 829 2410 quarto
850 2369 881 2399 in
901 2369 967 2411 ejus

134 2412 348 2451 imagmatione
373 2409 545 2456 praecipua:
571 2411 678 2452 quinto
700 2412 731 2441 in
753 2411 968 2453 imaginatione

136 2460 300 2494 sequente:
326 2458 411 2482 sexto
430 2463 461 2482 in
477 2453 605 2494 vegetali
620 2453 743 2490 virtute,
759 2465 830 2495 quae
848 2462 877 2485 et
896 2455 965 2485 uni-

135 2495 258 2527 versalis
270 2502 379 2525 natura
390 2502 526 2525 vocatur.
558 2496 717 2526 Hactenus
729 2496 857 2526 idealem
871 2509 968 2538 quan-

134 2540 204 2570 dam
228 2538 257 2568 in
281 2550 312 2568 sc
335 2537 465 2568 retinent
494 2537 650 2568 rationem.
699 2539 859 2569 Hactenus
888 2540 968 2570 enim

135 2582 195 2612 vivi
219 2589 290 2612 sunt
310 2587 339 2611 et
365 2580 498 2611 efficaces
521 2587 551 2610 et
573 2580 719 2618 foecundi,
743 2589 835 2623 atque
858 2582 966 2624 sempi-

136 2625 222 2656 terni.
256 2626 335 2654 Sunt
351 2624 429 2653 enim
443 2623 472 2653 in
489 2623 545 2653 hoc
559 2622 666 2653 ultimo
679 2623 851 2654 divinorum
867 2625 964 2666 gradu

136 2667 302 2698 seminaria·
319 2677 418 2697 rerum
435 2666 572 2696 omnium
594 2665 741 2697 rationes:
767 2667 879 2708 quibus
894 2667 967 2709 ipsae

1008 1177 1110 1196 rerum
1134 1165 1248 1207 speeies
1272 1171 1495 1206 propagantur.
1541 1163 1624 1192 Cum
1646 1162 1727 1192 enim
1750 1161 1849 1203 prima

1009 1209 1083 1246 vita,
1106 1209 1266 1251 primaque
1292 1206 1431 1237 omnium
1458 1204 1594 1235 formalis
1624 1205 1701 1235 ratio
1728 1204 1759 1234 in
1783 1204 1849 1246 ipsa

1010 1252 1109 1294 prima
1124 1251 1252 1282 essentia
1268 1249 1306 1280 sit
1321 1248 1458 1280 essentiae
1476 1247 1720 1290 uniuscujusque
1735 1247 1846 1289 princi-

1010 1295 1107 1337 pium,
1122 1295 1152 1325 in
1167 1306 1230 1335 quo
1250 1292 1400 1335 principio
1416 1299 1446 1322 et
1462 1291 1539 1321 ratio
1554 1298 1584 1321 et
1599 1291 1663 1321 vita
1677 1296 1740 1321 erat
1753 1303 1758 1320 :
1784 1301 1848 1320 me-

1008 1338 1067 1368 rito
1081 1335 1380 1379 quatenusinfluxus
1395 1334 1466 1364 inde
1481 1340 1638 1364 manantes
1648 1334 1740 1364 vitam
1759 1333 1846 1363 simul

1009 1381 1219 1421 rationemque
1238 1377 1397 1409 formalem
1413 1377 1444 1407 in
1466 1389 1496 1407 se
1516 1388 1625 1419 puram
1646 1384 1676 1407 et
1698 1377 1849 1418 integram

1009 1423 1223 1464 efficacemque
1241 1427 1431 1456 conservant,
1449 1427 1574 1450 eatenus
1589 1419 1771 1457 essentiales,
1788 1419 1850 1449 ide-

1008 1467 1080 1504 ales,
1104 1466 1199 1497 divini
1221 1463 1488 1507 cognominantur.
1534 1464 1672 1493 Tantum
1689 1474 1761 1493 vero
1785 1474 1850 1492 mu-

1010 1522 1069 1540 nus
1091 1509 1182 1540 etiam
1202 1508 1234 1538 in
1256 1515 1376 1544 natura,
1393 1506 1424 1537 id
1441 1513 1495 1543 est,
1513 1506 1641 1548 vegetali
1665 1505 1775 1536 animae
1790 1505 1849 1535 vir-

1012 1560 1077 1584 tute
1090 1559 1271 1583 conservant
1284 1563 1290 1581 :
1309 1550 1378 1581 ideo
1392 1549 1422 1579 in
1439 1549 1496 1579 hoc
1513 1556 1599 1579 sexto
1614 1549 1662 1579 die
1678 1560 1772 1590 opera
1788 1548 1848 1578 Dei

1011 1596 1136 1638 propria
1156 1595 1248 1626 finem
1274 1593 1447 1635 accipiunt:
1473 1592 1603 1622 subinde
1619 1603 1690 1622 vero
1712 1591 1849 1621 influxus

1011 1639 1053 1669 illi
1085 1638 1241 1669 materiam
1273 1637 1441 1678 subjectam
1469 1635 1578 1665 animae
1608 1634 1740 1676 pulsant.
1788 1634 1849 1665 Sed

1009 1694 1079 1713 cum
1102 1693 1202 1723 neque
1226 1680 1307 1711 ultra
1328 1678 1470 1721 progredi
1486 1678 1617 1715 valeant,
1639 1689 1738 1719 neque
1761 1677 1790 1707 in
1814 1689 1850 1708 ea

1008 1725 1133 1767 insuper
1149 1724 1234 1754 velut
1250 1723 1393 1766 proxima
1414 1721 1520 1758 nihilo,
1537 1721 1634 1763 ipsam
1651 1732 1731 1751 verae
1748 1731 1847 1750 essen-

1010 1769 1059 1799 tiae
1076 1768 1208 1809 vita³que
1229 1766 1358 1797 retinere
1379 1772 1531 1802 naturam,
1546 1776 1583 1794 ex
1599 1764 1704 1794 formis
1724 1763 1754 1793 in
1777 1763 1850 1793 ima-

1009 1811 1095 1854 gines
1113 1811 1178 1853 jam
1201 1809 1345 1841 evadunt.
1394 1808 1559 1849 Imagines,
1583 1807 1720 1848 inquam,
1747 1806 1849 1836 verisi-

1010 1854 1096 1885 miles
1120 1864 1262 1884 verarum
1285 1852 1521 1892 divinarumque
1548 1850 1725 1880 formarum.
1771 1850 1849 1886 Quae

1011 1897 1136 1939 quidem
1153 1896 1210 1927 sub
1225 1895 1350 1938 genitali
1371 1894 1480 1924 anima¹
1502 1893 1597 1935 ipsius
1613 1900 1722 1923 natura
1738 1892 1768 1922 in
1783 1903 1847 1922 ma-

1012 1941 1117 1971 teriam
1134 1950 1260 1982 prorsus
1277 1946 1398 1980 agente,
1415 1936 1563 1967 resultant
1579 1936 1618 1966 ab
1638 1935 1703 1977 ipsa
1724 1935 1850 1966 materia

1012 1984 1158 2026 patiente,
1174 1990 1204 2013 et
1219 1989 1366 2024 tanquam
1383 1992 1401 2010 a
1415 1979 1538 2022 speculo
1554 1991 1608 2020 per
1628 1978 1755 2009 modum
1772 1978 1849 2008 radii

1012 2038 1209 2068 repercussae,
1236 2032 1266 2056 et
1293 2032 1440 2066 tanquam
1469 2034 1487 2053 a
1510 2022 1624 2053 fornice
1650 2021 1771 2052 reflexa·
1794 2032 1849 2063 per

1012 2069 1139 2100 modum
1156 2068 1248 2105 vocis,
1264 2075 1295 2098 et
1315 2074 1461 2108 tanquam
1483 2077 1501 2096 a
1523 2064 1652 2107 planiori
1673 2064 1777 2106 aliquo
1795 2075 1850 2105 pa-

1012 2112 1086 2143 riete
1096 2123 1151 2155 per
1161 2111 1288 2142 modum
1298 2110 1383 2140 verbi
1396 2108 1534 2146 redditae,
1545 2108 1629 2138 velut
1640 2107 1738 2138 Echo.
1763 2107 1848 2137 Huic

1011 2162 1113 2186 autem
1136 2155 1241 2185 infimo
1255 2153 1367 2195 gradui
1383 2151 1518 2183 formalis
1541 2151 1672 2181 effluxus
1696 2151 1788 2180 Luna
1803 2150 1848 2181 fa-

1009 2210 1079 2229 vere
1104 2198 1235 2234 videtur,
1258 2195 1461 2238 generationis
1487 2194 1603 2224 ultimae
1625 2193 1767 2224 domina:
1804 2204 1849 2223 ra-

1010 2241 1144 2272 tionibus
1171 2248 1273 2271 autem
1297 2238 1463 2270 seminariis
1488 2237 1518 2268 in
1542 2244 1653 2268 natura
1675 2236 1849 2277 vigentibus

1011 2284 1249 2325 foventibusque
1266 2282 1435 2319 materiam,
1452 2281 1576 2311 Venus:
1601 2279 1715 2310 eisdem
1731 2290 1803 2310 vero
1818 2279 1849 2308 in

1011 2327 1228 2369 imaginatione
1250 2325 1385 2356 inferiori
1407 2323 1645 2366 properantibus
1664 2322 1703 2353 ad
1720 2329 1848 2357 motum,

1012 2371 1118 2401 Mars:
1143 2369 1257 2400 eisdem
1278 2379 1401 2399 rursum
1417 2367 1447 2397 in
1464 2365 1679 2408 imaginatione
1696 2364 1849 2407 regnanti-

1011 2414 1080 2450 bus,
1099 2413 1167 2443 Sol:
1194 2412 1247 2443 sed
1266 2412 1297 2442 in
1318 2411 1434 2442 ratione
1450 2409 1634 2451 vigentibus,
1651 2408 1845 2439 Mercurius:

1009 2464 1039 2487 at
1060 2456 1090 2486 in
1116 2464 1216 2486 mente
1236 2455 1346 2485 animae
1362 2452 1601 2489 dominantibus,
1620 2451 1788 2493 Juppiter:
1818 2450 1848 2480 in

1011 2506 1112 2530 mente
1142 2498 1275 2540 denique
1299 2497 1402 2528 divina
1424 2495 1661 2538 quiescentibus,
1687 2495 1848 2524 Saturnus.

1014 2543 1052 2572 In
1067 2554 1130 2583 quo
1145 2541 1272 2583 quidem
1295 2540 1424 2583 septimo
1445 2538 1544 2580 gradu
1560 2545 1707 2579 tanquam
1725 2535 1848 2566 Saturni

1009 2584 1058 2615 die
1082 2584 1189 2615 mundi
1213 2584 1317 2626 opifex
1341 2581 1539 2624 conquiescit,
1563 2580 1594 2610 id
1619 2587 1673 2617 est,
1696 2579 1761 2621 ipsa
1781 2577 1848 2607 idea

1010 2627 1065 2657 sibi
1081 2626 1328 2669 penitusintima.
1361 2627 1433 2656 Non
1449 2624 1528 2655 enim
1546 2623 1624 2653 hanc
1639 2622 1679 2652 ad
1695 2622 1764 2657 alia,
1776 2631 1847 2661 quae

1010 2669 1081 2700 inde
1093 2670 1184 2708 fiunt,
1199 2670 1250 2700 sed
1267 2669 1326 2700 alia
1335 2668 1374 2699 ad
1387 2668 1465 2699 hane
1481 2667 1573 2697 refert
1584 2665 1669 2696 velut
1683 2663 1847 2705 exemplar.

1067 2717 1135 2747 N2
