2201 2990
611 132 767 163 VITAM
793 130 1020 161 AUCTORE
1047 128 1338 159 PORPHYRIO.
1363 138 1391 168 p.
1410 127 1461 157 lxi.
1479 126 1543 157 lxii.
1914 138 1949 157 cv

247 235 277 265 p.
293 222 343 253 lxi.
360 227 383 251 ⁶.
405 222 456 252 τὰς
478 218 584 258 ὄρνεις]
619 220 641 235 “
662 216 851 246 Obscurum.
899 215 1041 244 Fortasse
1062 215 1085 241 A
1105 212 1135 242 in
1159 211 1406 254 pra‘cedentibus
1429 211 1467 241 ad
1491 210 1672 252 explicanda
1696 211 1789 242 verba
1811 217 1911 253 poene
1933 225 1950 242 υ

199 286 270 305 aves
297 272 416 313 magico
444 268 565 310 opificio
591 267 793 297 destinatas.'’
824 267 915 307 Wytt.
971 266 1043 295 IIoe
1104 275 1148 294 vs.
1164 265 1232 303 156.
1249 263 1312 293 ἐπεὶ
1330 263 1375 292 καὶ
1391 264 1482 292 πᾶσιν
1499 261 1583 300 ἑορτὴ
1599 261 1716 302 pergit:
1740 264 1877 301 νεομηνία
1893 265 1949 302 γὰρ

198 337 256 367 ego
278 312 470 354 crediderim.
517 320 562 349 Et
588 325 694 348 notum
720 324 766 347 est
790 316 867 347 illud
893 315 1042 346 Theocri-
1103 316 1120 353 ἡ
1144 314 1246 354 ἡμέρα,
1275 315 1312 346 ὡς
1343 313 1457 353 ἐρρήθη,
1483 311 1677 344 Ἀπόλλωνος
1709 313 1771 351 ἱερὰ
1800 314 1950 344 τουτέστιν

199 384 281 407 teum
309 372 403 415 Idyll.
428 372 477 402 ΙΙ.
502 371 558 400 16:
590 368 683 408 Ἴυγξ,
708 368 777 398 ἕλκε
802 368 835 398 τὺ
859 369 948 405 τῆνον
972 367 1044 405 ἐμὸν
1103 367 1197 404 ἡλίου,
1216 366 1247 398 ὃς
1271 366 1361 396 αἴτιος
1385 364 1540 403 νεομηνίας
1564 361 1730 393 συνοδεύων
1745 366 1899 400 τηνικαῦτα
1916 367 1948 403 τῇ

197 427 263 458 ποτὶ
279 428 358 463 δῶμα
372 423 423 453 τὸν
440 423 540 461 ἄνδρα,
559 420 611 450 nbi
629 419 690 450 vid.
707 418 823 449 Scholl.
845 425 876 449 et
896 417 1040 460 interprr.
1104 417 1227 456 σελήνῃ,
1254 417 1303 447 Cf.
1321 415 1515 446 Schlcusneri
1534 414 1613 444 Lex.
1628 414 1669 443 N.
1684 414 1725 443 T.
1742 413 1770 443 in
1788 417 1948 453 Νουμηνία.

196 478 331 517 itemque
346 474 385 504 ad
401 473 488 515 Virg.
506 471 617 513 Eclog.
633 472 730 502 VIII.
752 471 821 501 168.
854 471 955 501 Erant
970 481 1043 500 vcro
1104 468 1199 499 Adde
1211 469 1261 499 Jo.
1275 468 1371 498 Laur.
1388 466 1516 509 Lydum
1530 465 1568 496 de
1583 464 1719 495 Mensib.
1733 465 1801 494 III.
1815 473 1841 504 7.
1859 476 1888 506 p.
1899 476 1948 506 34.

195 528 285 559 etiam
305 526 377 557 Ides
398 536 491 555 sacrae
506 523 536 554 in
555 523 631 554 Iscis
647 522 694 553 vel
715 534 770 564 per
789 521 923 553 Italiam.
970 521 1041 552 Vid.
1104 531 1135 562 p.
1152 530 1203 560 94.
1222 518 1370 550 Roetheri
1389 531 1394 548 :
1429 518 1534 557 Πρώτη
1559 517 1658 547 τοίνυν
1680 518 1731 546 τοῦ
1753 515 1842 554 μηνὸς
1866 517 1950 555 ἑορτή

196 579 318 610 Ρ1111116
333 576 524 607 d’Ereolano
537 576 577 605 T.
593 575 642 605 II.
658 575 805 615 Τ.59.61
817 573 858 604 cf.
872 572 1041 615 Boettigeri
1060 577 1083 604 B
1105 573 1186 602 ἐστιν
1210 572 1226 610 ἡ
1252 570 1400 610 λεγομένη
1427 571 1506 608 παρὰ
1532 569 1587 607 μὲν
1610 567 1764 605 Ῥωμαίοις
1792 567 1949 601 Καλένδαι,

196 630 310 662 Sabina
326 629 374 659 ΙΙ.
391 639 422 670 p.
439 637 510 667 250.
528 627 577 657 ed.
593 625 644 657 alt.
692 626 741 656 De
757 625 868 655 avibus
883 624 1040 666 augurali·
1103 625 1182 662 παρᾶ
1205 624 1236 653 δὲ
1254 622 1387 660 Ἕλλησι
1412 621 1577 659 Νουμηνία,
1603 619 1656 650 ubi
1681 620 1720 649 cf.
1740 618 1888 649 Roether.
1912 618 1951 648 ab

195 682 253 712 bus
268 680 331 723 agit
345 679 487 710 l'lotinus
505 679 551 708 Il.
565 688 594 719 3.
609 687 638 719 3.
652 677 704 707 fin.
723 688 753 718 p.
770 687 838 717 139.
850 677 891 707 A.
910 676 962 706 ubi
978 676 1041 706 vid.
1103 686 1202 716 coque
1225 673 1357 704 laudatt.
1404 673 1453 703 De
1476 671 1654 702 confusione
1677 678 1780 701 autem
1802 670 1950 700 festorum

195 740 299 763 annot.
324 732 403 762 Mox
420 730 452 760 τὸ
468 732 547 760 θεῖον
564 731 652 768 ὄμμα.
678 728 748 759 Vid.
764 729 855 759 Plato
869 728 1040 770 ch.V11.
1103 726 1236 763 dierum,
1259 725 1404 756 feriarum
1429 731 1459 754 et
1484 723 1624 754 universe
1648 722 1842 764 religionum,
1862 721 1952 762 cujus

195 795 225 826 p.
236 792 307 825 533.
322 794 351 825 p.
363 783 412 823 36.
426 780 525 811 Bekk.
540 787 569 811 et
582 781 652 811 Ast.
670 779 709 811 ad
725 791 796 810 eum
813 779 913 810 locum
928 791 957 822 p.
967 789 1041 821 573.
1104 777 1243 820 superior
1259 776 1393 807 narratio
1412 774 1574 817 Porphyrii
1592 774 1752 805 manifesta
1767 773 1952 803 documenta

195 842 225 865 et
243 834 356 865 I‘lotin.
371 833 409 864 de
422 832 549 863 Pulcrit.
566 844 635 863 cum
653 838 756 863 annot.
771 844 802 874 p.
816 833 890 873 361.
904 831 953 862 ed.
966 831 1039 861 Hei-
1103 829 1187 860 dedit
1211 828 1293 871 apud
1316 828 1383 870 ejus
1406 827 1504 858 fetatis
1521 828 1629 857 Romoe
1648 825 1770 858 incolas,
1788 824 1849 855 vid.
1869 826 1953 866 Byn-

195 885 277 916 delb.
293 885 429 926 itemque
448 883 590 914 Proclum
606 883 636 914 in
655 883 758 914 Alcib.
776 895 823 926 pr.
848 895 879 925 p.
900 893 967 923 194.
992 882 1041 913 ed.
1104 880 1266 911 kershoek.
1281 882 1415 922 Opusce.
1435 880 1461 909 I.
1478 890 1507 921 p.
1522 889 1595 920 34¹·
1613 886 1643 909 et
1659 877 1785 908 walch.
1801 876 1831 907 in
1849 877 1950 907 Novv.

194 944 289 967 nostr.
316 937 369 967 Cr.
1061 940 1083 967 C
1106 934 1174 963 Soc.
1193 933 1271 974 Reg.
1290 931 1433 973 Gotting.
1451 932 1640 961 Commentt.
1660 930 1700 960 T.
1713 929 1781 959 III.
1806 940 1838 970 p.
1857 928 1888 958 8.
1906 939 1950 969 sq.

238 1000 267 1030 p.
285 987 347 1018 lxii.
364 987 390 1017 d.
408 986 643 1026 βιβλίον-περὶ
659 988 710 1016 τοῦ
727 984 880 1026 εἰληχότος
895 986 968 1024 ἡμᾶς
983 986 1043 1016 δαί-
1104 996 1183 1026 quos
1200 983 1396 1025 Boettigerus
1416 982 1445 1012 in
1466 981 1579 1012 Sabina
1596 982 1625 1012 I.
1649 992 1681 1023 p.
1700 981 1770 1020 246.
1792 979 1952 1010 commode

194 1039 297 1082 μονος]
317 1043 336 1057 “
348 1040 407 1069 Est
420 1038 577 1069 Enneadis
591 1038 690 1069 tertiae
707 1038 783 1068 liber
799 1038 961 1079 quartus.”
979 1038 1043 1068 Fa-
1104 1035 1258 1066 adhibuit.
1305 1034 1467 1075 Denique:
1494 1034 1622 1065 ἐκείνους
1643 1035 1689 1063 δεῖ
1706 1031 1779 1072 πρὸς
1800 1031 1851 1069 ἐμὲ
1868 1030 1950 1070 ἔρχε-

195 1091 271 1121 bric.
319 1089 391 1120 Vid.
407 1102 478 1132 qua:
493 1089 531 1120 ad
549 1089 777 1131 inscriptionem
794 1089 875 1119 illius
900 1088 967 1119 libri
984 1088 1044 1119 dis-
1105 1090 1174 1118 σθαι
1191 1101 1214 1118 κ.
1226 1100 1251 1117 τ.
1265 1091 1293 1116 λ.
1334 1086 1382 1116 Ι)6
1399 1086 1456 1116 1106
1472 1085 1556 1115 (11610
1573 1084 1688 1115 Plotini
1703 1084 1801 1114 facete
1816 1093 1953 1125 pronun-

195 1141 375 1184 putavimus
390 1153 422 1183 p.
438 1141 504 1182 183.
525 1142 579 1171 Cr.
618 1142 712 1171 Mox:
732 1145 752 1158 “
766 1142 858 1172 αἰτίας
874 1140 987 1180 φέρειν.
1005 1141 1043 1171 F.
1105 1139 1161 1170 tiat
1175 1140 1212 1169 P.
1225 1138 1354 1180 Baylius
1370 1137 1399 1167 in
1413 1136 1606 1167 Dictionario
1622 1148 1645 1166 s.
1657 1147 1686 1167 v.
1702 1135 1819 1166 Plotin.
1835 1146 1866 1177 p.
1880 1142 1951 1175 759.

197 1195 308 1232 φωνεῖν
325 1193 372 1222 vel
389 1192 516 1231 εὑρεῖν.”
539 1193 688 1233 Wgyttcnb.
736 1192 839 1222 Possis
862 1191 952 1222 etiam
978 1203 1042 1222 sus-
1106 1199 1170 1221 not.
1184 1191 1223 1221 G.
1251 1191 1306 1220 Cr.

196 1243 290 1286 picari
315 1243 460 1283 ἐκφέρειν,
478 1243 529 1273 sed
548 1254 653 1273 omnes
670 1243 772 1274 Codd.
791 1243 820 1273 111
839 1243 965 1285 vulgata
987 1243 1045 1274 lec-
1149 1254 1180 1284 p.
1198 1241 1261 1271 lxii.
1280 1241 1298 1270 f.
1323 1240 1477 1279 περιουσία
1500 1239 1578 1277 ἠθῶν
1600 1237 1818 1280 κατανοήσεως]
1844 1238 1951 1267 Euna-

196 1296 279 1326 tione
295 1296 481 1337 conspirant.
506 1296 562 1326 Cr.
1062 1303 1088 1329 D
1105 1293 1175 1335 pius
1198 1292 1237 1322 (16
1261 1291 1394 1322 Libanio
1410 1302 1439 1332 p.
1452 1292 1503 1329 48.
1522 1289 1638 1320 Boiss.:
1663 1289 1762 1319 Ἀλλὰ
1783 1288 1862 1325 τό,τε
1884 1290 1954 1328 ἦθος

239 1359 272 1390 p.
289 1347 353 1377 lxii.
370 1354 391 1377 e,
420 1345 792 1386 φιλοθύτου-γεγονότος
815 1348 866 1377 τοῦ
886 1346 1042 1388 Ἀμελίου]
1106 1344 1189 1376 εὐθὺς
1205 1342 1264 1375 οἶός
1279 1356 1321 1375 τις
1336 1343 1373 1381 ἦν
1389 1342 1537 1382 ἕγνωστο;
1564 1340 1679 1383 quibus
1694 1340 1795 1371 verbis
1811 1341 1954 1371 Boisson-

198 1399 388 1430 Plutarchus
403 1398 510 1440 jungit
532 1399 659 1437 εὐσεβὴς
676 1399 720 1428 καὶ
737 1399 897 1437 φιλοθύτης
915 1399 1045 1440 Sympo-
1104 1395 1193 1426 adius
1206 1406 1236 1437 p.
1248 1404 1322 1433 401.
1337 1394 1403 1424 haec
1418 1392 1583 1435 Porphyrii
1599 1392 1693 1423 verba
1707 1392 1770 1422 sine
1783 1392 1954 1434 suspicione

198 1450 286 1481 siacc.
306 1450 354 1480 II.
370 1461 401 1491 p.
417 1451 474 1490 631
485 1473 491 1479 .
507 1450 548 1479 A.
564 1460 594 1491 p.
608 1450 679 1490 556.
698 1450 805 1492 Wytt.
846 1450 918 1479 Hoc
934 1449 1044 1480 sacrifi·
1107 1458 1205 1489 usque
1221 1446 1259 1476 ad
1277 1446 1443 1485 προύλεγεν
1458 1443 1612 1475 adhibuit.
1652 1444 1718 1474 Nos
1734 1443 1852 1486 reliqua
1869 1444 1954 1474 unci-

197 1501 286 1532 candi
307 1500 410 1531 studio
431 1508 536 1542 postea
559 1500 688 1531 eminuit
704 1500 851 1531 Julianus
868 1500 1042 1539 (Ammian.
1105 1498 1152 1528 nis
1167 1497 1356 1528 inclusimus.
1406 1496 1483 1526 Vide
1500 1495 1617 1526 Mosen-i
1633 1502 1663 1526 et
1679 1507 1777 1525 meam
1802 1502 1908 1527 annot.
1922 1495 1953 1525 in

198 1551 372 1583 Marcellin.
391 1552 516 1582 XXII.
537 1561 585 1583 12.
603 1552 633 1582 6.
667 1552 805 1582 Zonaras
821 1551 851 1582 in
868 1551 997 1582 Juliano
1013 1563 1044 1593 p.
1107 1561 1183 1580 varr.
1210 1550 1309 1579 Lectt.
1358 1549 1470 1590 Neque
1494 1546 1759 1589 VVyttenbaehius
1781 1546 1955 1588 quidquam

200 1606 264 1644 22.)
290 1611 325 1634 ut
351 1603 556 1633 victimarium
581 1603 671 1633 etiam
699 1603 776 1634 salse
799 1603 936 1634 dicerent
962 1603 1045 1634 hunc
1105 1600 1144 1631 ad
1162 1599 1226 1631 11.1.
1243 1599 1415 1641 adscripsit.
1465 1600 1543 1629 Mox
1568 1610 1606 1629 ex
1629 1598 1729 1629 tribus
1751 1597 1837 1629 libris
1854 1599 1953 1629 MSS.

199 1656 434 1698 Imperatorem.
459 1655 515 1685 Καὶ
531 1656 567 1685 τὰ
584 1656 646 1694 ἱερὰ
662 1656 735 1685 κατὰ
751 1655 910 1693 νουμηνίαν
923 1655 1044 1694 ἐκπεριϊ-
1062 1658 1087 1685 Ε
1106 1652 1295 1683 correximus
1317 1651 1510 1691 περιδεραίου,
1535 1661 1596 1680 11011
1621 1649 1720 1680 solum
1736 1661 1774 1680 ex
1792 1650 1954 1680 Gramma-

197 1705 281 1739 ὄντος
297 1719 303 1737 :
338 1710 358 1725 ‘⁶
375 1706 393 1736 i.
410 1718 435 1737 e.
459 1706 607 1737 obeuntis.
656 1707 832 1748 Interpres:
862 1706 1045 1748 dilig-enter,
1106 1704 1235 1735 tieorum
1255 1703 1375 1745 legibus
1392 1702 1542 1742 (Pollucis
1554 1702 1590 1732 V.
1608 1702 1661 1743 56.
1678 1713 1709 1743 p.
1722 1702 1797 1742 506.
1814 1712 1885 1731 eum
1908 1701 1955 1731 in-

198 1759 288 1801 quasi
311 1759 459 1800 scriptum
476 1766 554 1788 esset
570 1758 602 1788 ἐκ
617 1760 668 1787 τοῦ
683 1756 864 1797 περιόντος.”
893 1758 1043 1799 Wgyttenb.
1106 1763 1217 1798 terprr.
1234 1755 1275 1786 cf.
1294 1754 1433 1796 Hesych.
1452 1755 1499 1784 II.
1523 1766 1554 1796 p.
1573 1762 1646 1794 922.
1664 1753 1739 1795 ibiq.
1776 1752 1851 1783 Alb.
1871 1752 1956 1782 I'ier-

199 1810 390 1841 Aberrarant
420 1809 477 1840 viri
507 1808 653 1839 carissimi
686 1809 750 1851 jam
783 1816 849 1839 tum
880 1808 1047 1850 caligantes
1107 1818 1171 1838 son.
1189 1807 1227 1837 ad
1246 1807 1339 1837 Moer.
1356 1818 1388 1848 p.
1400 1807 1473 1847 326.
1506 1806 1620 1835 Zonar.
1636 1816 1668 1847 p.
1682 1806 1772 1846 1536.
1788 1804 1956 1844 περιδέραια

199 1861 288 1892 oculi.
335 1861 421 1892 Illud
445 1860 525 1891 enim
552 1861 721 1903 diligenter
745 1860 843 1891 Ficini
866 1860 905 1891 ad
931 1872 1044 1902 praece·
1107 1861 1143 1889 τὰ
1165 1858 1388 1898 περιτραχήλια.
1413 1857 1480 1896 δέρη
1504 1858 1560 1896 γὰρ
1583 1857 1598 1886 ὁ
1620 1856 1777 1896 τράχηλος.
1823 1855 1955 1886 Photius

200 1912 302 1943 dentia
319 1912 469 1955 pertinet:
496 1912 547 1942 sed
572 1912 650 1943 inest
671 1912 701 1942 in
726 1912 851 1954 vulgata
874 1912 964 1942 etiam
989 1911 1048 1942 lec-
1107 1910 1154 1940 ed.
1174 1911 1284 1940 Herm.
1309 1921 1339 1951 p.
1356 1919 1430 1950 305.
1454 1907 1649 1948 περιδέῤῥαια,
1670 1907 1722 1938 sed
1746 1907 1827 1937 idem
1850 1906 1880 1937 in
1904 1906 1953 1937 ed.

201 1963 283 1993 tione
295 1963 462 2005 diligentiae
476 1963 528 1994 vis.
554 1963 632 1993 Vide
645 1963 737 1994 modo
753 1964 825 1995 Lex.
842 1964 1045 2006 Xenophont.
1109 1963 1238 1993 Porson.
1256 1969 1286 1992 et
1302 1961 1419 1991 Dobrei
1436 1972 1466 2002 p.
1479 1970 1553 2001 359.
1572 1959 1677 2002 Lips.:
1702 1959 1880 1999 περιδέραια·
1903 1971 1953 1989 πε-

204 2014 251 2044 ΙΙ.
265 2026 296 2056 p.
311 2024 378 2055 109.
398 2015 450 2045 ubi
467 2022 512 2045 ter
530 2022 711 2057 usurpatur,
726 2015 779 2057 qui
798 2014 924 2056 vestigia
940 2014 1048 2045 sedulo
1067 2015 1090 2043 F
1107 2013 1283 2053 ριτραχήλια
1309 2013 1427 2051 κόσμια.
1474 2013 1518 2042 Ε1
1542 2011 1584 2041 ita
1606 2011 1671 2042 fere
1694 2010 1794 2041 ubivis
1820 2010 1955 2040 variatur

201 2065 362 2108 percurrit.
406 2070 425 2083 ‘⁵
444 2066 628 2096 Neomenias
644 2077 704 2096 non
722 2074 841 2097 tantum
859 2066 979 2097 Judaeis
995 2066 1048 2097 sed
1109 2065 1139 2095 111
1165 2072 1302 2095 veterum
1327 2063 1510 2106 scriptorum
1534 2062 1709 2093 codicibus:
1735 2073 1765 2092 v.
1781 2073 1806 2092 c.
1830 2062 1861 2092 111
1884 2061 1956 2092 Plu-

202 2122 233 2147 et
257 2116 374 2147 Graecis
397 2128 496 2147 sacras
518 2117 612 2148 fuisse
635 2117 741 2148 docuit
764 2118 815 2149 Jo.
836 2118 994 2149 Meursius
1018 2118 1047 2148 in
1109 2116 1207 2147 tarehi
1221 2117 1385 2156 Praeceptt.
1399 2113 1575 2156 Conjugall.
1590 2114 1758 2144 XLVIII.
1776 2121 1889 2155 p.571.
1907 2113 1953 2143 ed.

204 2167 327 2198 Graecia
348 2167 479 2198 Feriata.
525 2168 629 2199 Etiam
654 2169 693 2199 de
717 2169 829 2200 Proelo
849 2169 994 2200 Marinus
1018 2170 1048 2199 in
1110 2169 1215 2210 Wytt.
1239 2174 1283 2197 est
1307 2168 1404 2197 ἵππων
1426 2166 1646 2205 περιδεῤῥαίοις.
1695 2164 1832 2207 Simplex
1856 2164 1956 2204 δέραια

203 2219 271 2261 ejus
287 2218 349 2248 vita
363 2230 387 2249 c.
403 2229 448 2259 19.
464 2218 511 2261 [p.
522 2220 590 2262 45.]
607 2220 686 2251 inter
702 2220 761 2251 alia
777 2220 880 2257 refert,
897 2220 981 2262 quod
999 2222 1050 2253 τὰς
1110 2219 1202 2250 habet
1217 2218 1400 2260 Alciphron.
1417 2218 1484 2247 III.
1499 2218 1551 2257 63.
1563 2225 1593 2257 5.
1611 2228 1643 2258 p.
1660 2226 1728 2256 193.
1746 2215 1954 2257 ed.Wagner.

204 2271 359 2309 νουμηνίας
379 2274 518 2309 λαμπρῶς
539 2271 673 2301 ἐπετέλει
694 2272 739 2302 καὶ
757 2272 962 2311 ἱεροπρεπῶς.”
985 2272 1050 2302 Fa-
1111 2270 1281 2312 Compositi
1305 2268 1446 2310 exempla
1468 2268 1603 2298 offerunt
1626 2274 1655 2298 et
1674 2266 1818 2309 judicant
1844 2266 1954 2308 partim

203 2322 277 2352 bric.
323 2320 377 2351 Ad
397 2332 488 2362 quem
513 2321 613 2352 locum
631 2322 755 2354 Clariss.
776 2323 996 2354 Boissonadius
1018 2330 1048 2353 et
1110 2321 1243 2352 Dorvill.
1260 2321 1299 2351 ad
1317 2319 1477 2351 Chariton.
1503 2331 1534 2361 p.
1554 2319 1625 2350 286.
1645 2318 1731 2360 Lips.
1778 2317 1904 2349 Locella
1926 2326 1954 2348 et

204 2373 282 2403 hane
299 2379 402 2402 notam
422 2371 553 2402 Fabricii
569 2373 712 2415 apposuit
727 2382 756 2404 et
772 2373 831 2404 alia
848 2374 963 2405 utiliter
977 2386 1048 2405 con·
1067 2379 1093 2407 G
1112 2373 1309 2415 Peerlkamp.
1328 2372 1366 2402 ad
1384 2371 1533 2413 Xenoph.
1552 2370 1670 2412 Ephes.
1688 2382 1719 2412 p.
1732 2378 1802 2411 279.
1829 2368 1955 2399 Jacobs.

204 2424 284 2455 tulit.
331 2422 423 2460 Quod
441 2434 513 2453 vero
530 2425 668 2461 νεομηνία
688 2425 831 2466 rejiciunt
848 2425 1004 2456 Atticistae
1019 2434 1050 2456 et
1110 2425 1150 2456 ad
1167 2424 1283 2455 Achill.
1301 2424 1377 2454 Tat.
1394 2435 1425 2465 p.
1438 2433 1512 2464 519.
1529 2429 1559 2452 ct
1576 2420 1754 2452 Boissonad.
1771 2420 1811 2451 ad
1827 2420 1956 2450 Aristae-

204 2475 236 2505 in
249 2474 367 2516 vulgari
382 2473 548 2505 Graecitate
561 2486 719 2515 perrarum
732 2487 796 2506 esse
808 2476 898 2507 (10661
911 2477 1047 2508 Lobeck.
1111 2485 1171 2507 net.
1189 2488 1218 2518 p.
1234 2485 1279 2506 22¹
1299 2477 1318 2515 .)
1367 2476 1524 2505 Caeterum
1540 2473 1578 2503 de
1595 2472 1712 2503 ratione
1726 2480 1757 2502 et
1772 2471 1871 2513 pretio
1887 2482 1953 2500 mo-

205 2526 244 2558 ad
270 2525 437 2568 Phrynich.
455 2525 585 2567 Eclogg.
609 2537 641 2567 p.
662 2527 729 2565 148.
746 2538 791 2568 sq.
816 2527 874 2557 hoc
898 2539 960 2558 uno
984 2528 1050 2558 loco
1111 2528 1231 2565 nilium,
1248 2527 1363 2569 quibus
1384 2527 1597 2556 Romanorum
1624 2531 1772 2554 matronae
1796 2523 1952 2553 Caesarum

205 2578 252 2608 bis
268 2584 398 2619 usurpat
414 2576 600 2607 Eustathius
615 2576 645 2606 in
663 2577 776 2618 Odyss.
792 2591 817 2608 v.
841 2589 870 2619 p.
889 2579 980 2619 1887.
999 2589 1048 2611 22.
1112 2586 1202 2609 aetate
1218 2578 1386 2612 certabant.
1401 2577 1461 2607 vid.
1477 2575 1608 2606 Casaub.
1622 2582 1652 2606 et
1670 2574 1796 2605 Salmas.
1815 2573 1852 2603 ad
1872 2572 1953 2602 Ilist.

206 2640 238 2670 p.
257 2638 327 2669 231.
344 2628 393 2658 ed.
408 2627 495 2669 Lips.
542 2628 662 2657 Locum
685 2627 856 2659 adscribam
876 2630 1051 2671 argumenti
1112 2631 1200 2671 Aug.
1218 2628 1343 2670 Scriptt.
1362 2629 1404 2658 T.
1420 2628 1468 2658 II.
1486 2639 1516 2669 p.
1536 2628 1603 2667 163.
1622 2632 1652 2656 et
1670 2625 1837 2665 Boettiger.
1855 2623 1884 2652 in
1903 2624 1955 2652 Sa-

206 2691 308 2710 causa.
354 2679 405 2709 Ita
420 2679 500 2710 enim
517 2678 578 2717 ille,
596 2685 760 2721 postquam
777 2681 917 2718 νουμηνία
931 2680 1052 2712 dixerat
1112 2680 1184 2711 bina
1201 2681 1249 2710 II.
1274 2692 1302 2722 p.
1324 2689 1394 2720 151.
1411 2691 1455 2720 sq.
1504 2677 1627 2708 Deinde
1644 2676 1772 2706 Fieinus
1794 2674 1860 2715 conj
1868 2672 1954 2703 unxit

258 2741 350 2765 VOL.
372 2741 396 2765 1.
1157 2744 1178 2766 0
