2201 2990
251 175 327 213 432

252 260 332 289 Cum
349 257 427 288 enim
445 256 595 299 processio
610 268 711 287 rerum
728 255 874 286 continua
888 265 951 284 esse
966 253 1087 290 debeat,

252 301 390 342 nihilque
406 311 536 331 vacuum
552 300 582 330 in
599 299 654 330 hac
670 298 855 330 successione
871 296 1012 338 relinqui,
1028 308 1089 327 me-

255 344 313 375 rito
336 352 404 386 post
421 343 603 374 universalia
618 341 706 373 simul
724 349 815 383 atque
831 352 886 382 per
906 352 936 370 se
954 339 1088 376 mobilia,

254 387 432 429 priusquam
446 386 484 417 ad
496 397 600 416 eorum
612 384 752 427 opposita
765 382 958 426 particularia
969 382 1089 420 scilicet,

254 431 293 461 ab
323 430 444 472 alioque
469 428 593 459 mobilia
616 427 828 463 descendatur,
853 426 1090 466 interponuntur

255 473 368 515 aliqua,
385 484 455 514 quze
470 470 665 514 particularia
680 470 803 511 quidem
825 469 894 504 sint,
911 468 941 498 id
958 476 1001 498 est
1020 479 1090 509 par-

257 516 414 547 ticularem
439 514 544 545 sortita
567 513 756 555 potentiam:
789 511 839 542 sed
872 517 1012 540 naturam
1041 510 1092 540 ha-

257 560 348 590 beant
364 570 418 600 per
443 570 472 588 se
495 557 649 587 mobilem.
695 555 790 596 Atqui
811 566 858 583 res
880 553 1030 594 ejusmodi
1053 553 1092 582 ob

257 601 470 644 particularem
502 608 620 631 naturfe
649 598 851 629 conditionem
878 596 907 625 111
938 595 1091 636 quandam

258 644 470 675 habitudinem
493 642 680 684 quandoque
704 639 841 670 contrahi
865 646 1009 679 possunt:
1042 637 1093 667 sed

258 696 384 730 propter
407 687 502 728 ipsam
528 697 564 716 ex
596 698 625 714 se
654 683 794 713 mobilem
819 680 995 711 facultatem
1021 680 1095 710 solvi

259 730 446 772 quandoque
462 741 498 759 ex
514 727 595 759 omni
612 726 735 768 propria
755 723 935 754 habitudine
958 730 1094 764 possunt.

260 774 357 804 Affert
371 784 495 814 quoque
511 769 701 813 particularis
716 776 833 798 natura)
848 765 982 796 conditio
1003 767 1094 795 alter-

260 828 329 847 nam
354 815 507 857 quandam
534 825 587 855 per
611 820 772 854 partesque
799 809 999 850 attingentem
1026 808 1096 838 vita*

261 858 509 894 vicissitudinem,
526 864 610 886 motu
634 854 752 884 iuterim
770 852 807 883 ad
829 852 893 882 lucc
910 851 1005 881 libero
1027 862 1097 881 cou-

262 904 389 939 ferente,
416 908 449 931 ut
480 900 551 929 alias
581 897 737 939 proprium
766 895 915 925 retineant
945 894 1095 931 habitum,

262 945 335 975 alias
356 943 552 986 superiorem,
578 940 650 971 alias
673 938 843 969 inferiorem
872 937 1010 967 habitum
1038 948 1099 967 sor-

264 989 388 1019 tiantur.
437 985 599 1025 Utrimque
626 982 712 1012 facile
739 992 864 1022 vergere
893 987 1021 1023 possunt
1049 991 1100 1009 na-

263 1040 341 1061 tura»
356 1029 489 1060 medium
512 1026 695 1061 obtinentes,
713 1024 891 1064 vicibusque
911 1023 1034 1053 alternis
1049 1034 1100 1052 ex-

264 1074 358 1115 plent,
375 1083 444 1113 quae
468 1069 623 1111 superiora
645 1067 881 1108 comnumiaque
904 1074 1000 1096 tractu
1026 1077 1100 1107 quo-

263 1117 333 1146 dam
358 1114 446 1145 unico
469 1112 724 1154 complectuntur.
773 1111 894 1140 Interea
910 1121 982 1139 vero
1004 1108 1101 1139 circu-

265 1159 318 1189 lari
342 1158 397 1188 hac
418 1156 586 1186 motionum
604 1153 809 1184 vicissitudine
831 1152 947 1193 gaudet
972 1151 1102 1181 universi

265 1210 383 1232 natura.
417 1201 453 1230 In
469 1200 523 1229 hoc
536 1206 637 1228 autem
654 1208 764 1237 genere
780 1195 1018 1226 substantiarum
1036 1206 1103 1235 par-

266 1243 437 1275 ticularium
457 1254 509 1284 per
525 1253 617 1282 seque
634 1239 790 1270 mobilium
809 1246 967 1280 ponuntur
983 1238 1102 1270 auimze,

265 1299 342 1329 quas
359 1286 500 1317 Plotiuus
515 1284 556 1314 ait
574 1283 702 1313 vicissim
721 1294 848 1324 corpora
868 1288 1055 1323 permutare,
1072 1280 1101 1310 id

266 1338 321 1367 est,
338 1329 448 1360 auiuue
470 1327 627 1358 homimuu
652 1326 892 1366 inferiorumque
915 1324 1102 1359 (la-monum,

267 1379 367 1404 aerem
395 1372 477 1402 hunc
504 1369 705 1400 habitantium
731 1368 952 1399 turbulentum.
1000 1367 1102 1397 Habi-

267 1425 331 1447 tare
346 1415 469 1457 quidem
484 1414 531 1444 1111·
544 1424 668 1454 quoque
680 1412 848 1442 animantes
863 1410 999 1452 oportuit
1017 1410 1106 1440 ratio-

267 1460 368 1490 nales:
395 1469 493 1498 neque
509 1464 608 1487 tameu
631 1455 804 1496 siugulatim
829 1454 966 1484 habitare
988 1464 1106 1494 semper

269 1499 486 1532 intellectuales
507 1507 630 1529 naturas
649 1498 678 1528 111
704 1498 824 1537 regione
848 1504 972 1538 propter
991 1495 1105 1525 mistio-

269 1557 336 1575 nem
354 1552 447 1586 atque
462 1542 643 1573 discordiam
661 1541 730 1571 vita·
746 1549 775 1571 et
792 1539 999 1579 intelligentiae
1016 1538 1106 1568 felici-

270 1588 386 1629 tatique
402 1593 602 1628 repugnante.
651 1584 734 1614 IIiuc
750 1595 822 1624 ergo
838 1583 1018 1613 confirmant
1039 1581 1106 1611 Pla-

271 1631 363 1662 tonici
393 1628 630 1660 vieissitudiuem
661 1627 841 1657 auimarum.
889 1627 931 1656 Et
961 1625 1105 1666 quoniam

270 1674 430 1705 animabus
453 1671 602 1714 ejusmodi
623 1670 731 1711 obtigit
751 1668 906 1711 provincia
928 1668 1045 1705 durior,
1062 1675 1106 1698 at-

271 1730 332 1759 que
348 1717 436 1747 etiam
461 1715 499 1746 ad
523 1713 672 1745 deteriora
697 1712 873 1754 proclivior:
899 1711 1007 1742 merito
1022 1722 1105 1741 com-

271 1768 431 1802 pensatum
448 1766 491 1789 est
508 1756 713 1800 providenter,
733 1764 766 1786 ut
786 1754 972 1796 quandoque
993 1753 1107 1796 possint

272 1815 333 1833 nou
350 1803 446 1832 solum
464 1802 500 1831 ad
518 1800 633 1841 gradus
649 1799 786 1840 proxime
803 1798 983 1840 superiores,
1002 1797 1052 1827 sed
1070 1796 1108 1826 ad

273 1847 347 1876 alios
376 1846 465 1876 etiam
496 1843 626 1879 altiores,
658 1842 687 1872 id
718 1849 773 1877 est,
803 1841 841 1871 ad
874 1841 981 1871 czelum
1014 1852 1111 1881 usque

274 1888 497 1920 transceudere.
546 1888 659 1916 l'utaut
677 1884 826 1926 ejusmodi
843 1884 957 1914 animas
973 1883 1111 1924 deposito

275 1943 401 1973 corpore
412 1940 473 1961 tam
488 1938 575 1960 terra¹
591 1940 682 1970 quam
700 1928 776 1957 aeris
792 1927 972 1962 turbulenti,
986 1926 1024 1956 ad
1038 1934 1111 1956 tem-

275 1987 333 2017 pus
349 1975 377 2004 in
394 1974 471 2004 a'eris
492 1984 618 2014 corpore
641 1971 772 2013 purioris
786 1971 863 2000 iuter
885 1969 1026 2000 aetherios
1049 1969 1111 1998 dae-

277 2029 379 2047 mones
394 2015 576 2058 computari,
593 2022 685 2056 atque
706 2014 796 2044 etiam
819 2024 888 2043 cum
913 2012 1024 2043 caelesti
1047 2023 1112 2041 cor-

277 2072 360 2102 pore,
378 2060 460 2101 quod
477 2067 563 2089 extra
579 2057 803 2099 generationem
821 2056 952 2097 positum
969 2055 1081 2085 dicitur
1097 2066 1114 2084 a

280 2103 411 2139 Plotino,
428 2102 558 2142 colleg-as
573 2101 649 2131 ellici
673 2099 850 2130 universalis
865 2099 986 2134 animm,
1003 2098 1033 2127 id
1057 2105 1112 2134 cst,

278 2145 442 2176 caelcstium
472 2145 651 2175 animarum.
700 2143 842 2184 Denique
873 2142 895 2171 si
924 2140 1042 2171 caeleste
1071 2140 1114 2170 in-

281 2200 372 2229 super
393 2200 503 2229 eorpus
523 2187 609 2229 quasi
630 2186 796 2228 deponant,
812 2196 872 2214 non
889 2193 949 2214 tam
966 2195 1034 2214 cum
1059 2195 1115 2213 cze-

281 2231 347 2261 lesti
357 2231 466 2268 anima,
480 2242 571 2271 quam
586 2241 654 2260 cum
672 2230 737 2271 ipsa
751 2228 920 2259 animarum
933 2227 1011 2264 idea,
1022 2237 1115 2267 quam

281 2285 401 2304 omnem
432 2273 586 2315 appellant
616 2272 758 2308 animam,
785 2271 878 2301 vitam
909 2281 1009 2311 agere.
1056 2270 1117 2311 Ap-

282 2316 375 2359 pellat
401 2316 449 2346 bic
481 2316 622 2346 Plotiuus
646 2315 738 2345 vitam
768 2325 892 2356 prorsus
919 2312 1116 2349 inunobssem,

282 2359 394 2390 scilicet
416 2370 535 2388 omnem
558 2357 790 2388 intellectualem
808 2356 901 2386 vitam
925 2356 986 2385 sive
1009 2355 1118 2385 mentis

284 2402 390 2445 primae
420 2401 481 2431 sive
504 2400 705 2440 sequentium.
755 2400 852 2429 Vitam
876 2410 948 2429 vero
975 2398 1117 2428 mobilem

284 2444 486 2476 communiter
500 2442 643 2473 animales
659 2443 794 2478 effeetus,
807 2441 868 2471 sive
884 2441 913 2471 iu
930 2441 1119 2471 discursione

285 2486 422 2519 rationali
435 2485 683 2527 imaginariaque,
696 2485 757 2514 sive
773 2484 802 2514 in
819 2483 942 2524 genitali
954 2483 1119 2513 ministerio

286 2530 409 2573 positos.
456 2528 584 2570 Proprie
604 2539 675 2557 vero
696 2527 757 2556 vim
776 2526 937 2567 genitalem
961 2526 1009 2556 hic
1024 2526 1118 2556 vitam

287 2573 424 2604 nominat
446 2571 601 2607 mobilem,
623 2582 693 2611 quae
716 2581 751 2599 ex
776 2569 841 2610 ipsa
864 2568 1026 2609 superioris
1049 2569 1119 2598 vita·

287 2614 480 2648 consistentia
496 2614 537 2644 ita
554 2612 672 2655 jugiter
687 2612 800 2647 effluat,
818 2617 963 2651 tanquam
981 2611 1046 2651 ejus
1063 2611 1122 2652 spi-

288 2658 445 2690 raculum:
471 2657 547 2688 sicut
576 2667 612 2686 ex
638 2655 738 2685 anima
764 2654 810 2684 hic
841 2660 942 2683 nostra
967 2660 1067 2683 motus
1093 2654 1122 2682 in

288 2702 381 2745 pulsu
406 2700 512 2731 vitalis.
565 2698 738 2729 Genitalem
768 2696 918 2739 ejusmodi
948 2695 1123 2726 facultatem

689 155 1114 198 ARGUMENTUM
1146 154 1374 194 MARSIL.
1406 153 1509 193 FIC.

1132 265 1168 284 ex
1186 252 1286 282 anima
1302 251 1407 282 mundi
1429 251 1574 293 primum,
1591 258 1621 281 et
1644 261 1680 280 ex
1701 249 1861 281 animabus
1876 249 1963 279 simul

1133 296 1320 338 sphaerarum
1344 294 1480 325 omnium
1504 293 1727 324 mundanarum
1751 293 1881 323 infusam
1901 302 1965 322 ma-

1133 339 1227 375 teriae,
1240 338 1329 379 eique
1344 337 1562 374 dominantem,
1575 335 1709 378 appellat
1720 335 1866 366 rationem
1880 345 1967 364 mun-

1132 382 1241 412 danam
1261 381 1446 411 caducorum
1473 379 1648 410 animalium
1670 379 1866 420 genitricem:
1891 389 1968 418 quo-

1134 436 1201 455 rum
1225 424 1349 465 quidem
1374 422 1548 453 animalium
1569 422 1682 452 formas
1703 422 1745 452 ait
1768 421 1798 451 in
1822 420 1969 462 superiori

1134 467 1218 503 caelo,
1242 467 1272 496 id
1296 474 1350 503 est,
1367 465 1561 496 intellectuali
1584 465 1754 495 consistere.
1802 463 1893 493 Unde
1915 474 1969 505 per

1135 521 1324 539 seminarlam
1348 516 1493 538 rationem
1517 515 1559 538 1ta
1578 515 1715 537 venerint
1737 518 1766 537 111
1790 514 1967 537 materiam:

1137 552 1213 582 sicut
1228 552 1366 593 plerique
1381 551 1485 580 dicunt
1502 561 1604 580 rerum
1619 558 1810 580 terrenarum
1826 549 1939 579 formas
1954 561 1971 578 e

1137 594 1241 624 formis
1257 593 1427 624 caelestibus
1446 604 1498 634 per
1514 592 1630 622 lumina
1644 592 1714 623 inde
1731 593 1790 623 huc
1812 591 1972 622 emicantia

1138 637 1295 678 proficisci.
1342 637 1423 666 Nam
1447 647 1545 676 neque
1568 635 1680 665 formas
1703 647 1740 665 ex
1765 635 1820 665 hac
1850 634 1972 665 informi

1138 679 1273 715 materia,
1290 691 1389 720 neque
1404 678 1540 708 ordinem
1564 689 1603 708 ex
1625 677 1796 708 inordinato
1819 689 1902 714 casu,
1921 689 1971 707 ne-

1139 734 1200 764 que
1215 722 1351 752 stabilem
1368 729 1502 751 tenorem
1520 732 1555 751 ex
1574 728 1682 751 natura
1700 731 1826 762 prorsus
1841 719 1973 750 instabili

1140 765 1299 806 provenire
1315 765 1496 806 putandum.
1545 763 1604 793 Sed
1619 771 1652 793 ut
1664 763 1824 793 redeamus
1840 762 1879 792 ad
1895 762 1975 793 ordi-

1141 820 1208 838 nem
1226 807 1368 843 universi,
1381 808 1429 837 cui
1447 815 1591 847 tauquam
1608 806 1725 848 optimo
1740 805 1888 847 quicquid
1900 817 1976 847 quo-

1141 850 1307 880 modolibet
1320 857 1475 886 consonat,
1492 850 1606 879 bonum
1623 857 1667 879 est
1678 848 1894 891 judicandum,
1909 848 1978 879 talis

1141 893 1217 923 ordo
1240 893 1377 934 requirit,
1406 900 1439 923 ut
1461 892 1570 922 animae
1593 892 1790 933 particulares
1812 903 1846 921 ac
1868 902 1924 933 per
1946 902 1978 922 se

1143 936 1279 972 mobiles,
1297 943 1440 976 tanquam
1458 935 1486 965 iu
1505 935 1637 965 motione
1652 935 1767 971 liberae,
1784 942 1814 965 et
1830 942 1977 976 tanquam

1143 991 1202 1009 uon
1220 979 1317 1009 solum
1334 977 1550 1018 intelligentize,
1563 989 1668 1008 verum
1684 978 1772 1008 etiam
1790 976 1977 1019 generationi

1144 1030 1281 1063 cognata)
1297 1021 1411 1051 alterne
1434 1020 1548 1062 possint
1569 1020 1679 1061 eligere
1695 1026 1761 1051 tum
1778 1019 1978 1057 intellitribile,

1145 1074 1209 1095 tum
1228 1064 1366 1095 sensibile
1389 1064 1514 1093 bonum.
1560 1065 1667 1104 Atque
1689 1063 1754 1094 haec
1777 1063 1843 1105 ipsa
1864 1074 1881 1093 a
1895 1070 1980 1094 terna

1145 1108 1252 1138 electio
1267 1108 1347 1137 bona
1369 1115 1412 1137 est
1438 1106 1596 1136 universo:
1622 1106 1651 1136 in
1670 1118 1732 1147 quo
1754 1106 1795 1136 ita
1818 1105 1980 1148 explentur

1147 1159 1277 1192 utraque
1307 1149 1471 1180 ministeria
1493 1149 1593 1186 sinml,
1620 1156 1650 1178 ct
1674 1160 1767 1190 opera
1796 1149 1980 1190 proveniunt

1147 1193 1306 1226 naturalia,
1323 1193 1396 1223 dum
1418 1192 1527 1222 animze.
1550 1191 1687 1221 sensibile
1708 1192 1822 1221 bonum
1841 1191 1982 1233 intelligi-

1146 1237 1198 1267 bili
1222 1236 1362 1277 eligcudo
1389 1243 1575 1277 proponunt.
1622 1235 1686 1265 Ubi
1709 1234 1808 1264 1111111111
1834 1234 1981 1276 quicquid

1147 1280 1242 1319 eligit,
1258 1279 1341 1319 eligit
1359 1279 1472 1308 ratione
1489 1277 1570 1314 boui,
1587 1285 1616 1307 et
1633 1277 1656 1306 si
1672 1277 1772 1307 minus
1787 1277 1902 1307 bonum
1918 1288 1981 1307 ma-

1143 1323 1202 1365 jori
1221 1323 1364 1364 prwferre
1380 1320 1502 1363 eligenti
1524 1321 1560 1351 sit
1585 1320 1709 1358 malum,
1724 1320 1866 1350 universo
1882 1327 1983 1350 tamen

1148 1374 1192 1396 est
1209 1366 1322 1395 bouum
1338 1378 1343 1395 1
1363 1364 1529 1406 pra=sertim
1546 1363 1619 1405 quia
1635 1364 1735 1393 statim
1748 1362 1892 1393 electione
1903 1363 1983 1405 ejus-

1150 1409 1231 1439 modi
1249 1408 1427 1449 rependitur
1442 1416 1676 1437 cousentaneum
1691 1418 1697 1436 :
1724 1414 1770 1439 ut.
1786 1417 1857 1447 quae
1872 1405 1910 1436 ad
1934 1405 1986 1436 de-

1151 1452 1259 1482 teriora
1275 1451 1384 1491 vergit,
1400 1450 1547 1480 ellieiatur
1564 1449 1642 1490 [Ed.
1660 1461 1705 1491 pr.
1723 1449 1883 1490 afficiatur]
1910 1460 1986 1490 quo-

1151 1507 1211 1536 que
1226 1494 1371 1527 deterius,
1388 1493 1630 1534 deterioremque
1653 1492 1760 1523 subeat
1775 1492 1880 1522 vitam.
1926 1492 1986 1529 Qui

1152 1549 1222 1568 sane
1238 1546 1334 1568 status
1351 1537 1418 1567 ideo
1433 1544 1572 1567 censetur
1596 1536 1721 1572 bouum,
1738 1535 1882 1576 quoniam
1894 1535 1985 1576 justi-

1152 1581 1202 1611 tia*
1219 1579 1364 1611 naturalis
1379 1579 1476 1609 ordini
1494 1586 1648 1609 consonat.
1693 1578 1807 1609 Evadit
1828 1586 1858 1608 et
1877 1578 1987 1608 animae

1151 1624 1265 1654 bomuu
1286 1631 1437 1664 quatenus
1460 1622 1550 1652 animi
1574 1621 1779 1663 delinquentis
1793 1621 1934 1662 angustia
1949 1620 1988 1651 ad

1152 1666 1359 1709 pieuiteutiam
1377 1665 1564 1707 quamloque
1586 1676 1689 1706 prava*
1712 1664 1867 1694 electionis
1886 1663 1986 1694 addu-

1151 1710 1201 1740 cit.
1251 1709 1298 1739 Sic
1315 1709 1408 1749 igitur
1425 1709 1536 1738 diviua·
1560 1707 1759 1749 providentia*
1780 1706 1910 1743 bonitas,
1927 1718 1989 1736 rna-

1153 1753 1215 1783 lum
1234 1753 1335 1782 subito
1352 1763 1474 1781 nascens
1491 1751 1684 1781 transfornuit
1701 1749 1730 1780 in
1745 1750 1878 1780 bonum:
1895 1749 1990 1791 idque

1155 1804 1219 1826 tum
1237 1796 1266 1825 iu
1288 1806 1461 1836 corporum,
1478 1802 1541 1824 tum
1567 1793 1596 1823 in
1617 1793 1787 1823 animorum
1804 1792 1990 1823 motionibus

1155 1838 1331 1869 mirabiliter
1351 1838 1451 1868 efficit.
1497 1836 1657 1877 ('ontingit
1672 1836 1750 1866 forte
1773 1847 1809 1865 ex
1832 1835 1887 1865 hac
1909 1846 1990 1877 aqua

1156 1882 1218 1912 lieri
1242 1886 1353 1917 aerem,
1371 1880 1416 1910 vel
1441 1891 1477 1910 ex
1499 1879 1553 1909 hoe
1577 1883 1645 1909 a'ere
1668 1890 1797 1920 aquam:
1827 1885 1990 1919 postquam

1156 1937 1228 1955 vero
1244 1925 1289 1954 vel
1305 1936 1393 1965 aqua¹
1410 1923 1489 1953 illius
1505 1922 1628 1952 materia
1646 1921 1809 1963 susceperit
1826 1920 1990 1958 levitatem,

1157 1968 1202 1998 vel
1220 1967 1296 1998 aeris
1314 1966 1439 1996 materia
1458 1965 1656 2006 gravitatem:
1683 1976 1743 1994 non
1765 1964 1913 2005 contingit
1929 1964 1990 1994 for-

1158 2010 1246 2047 tuito,
1274 2010 1319 2040 vel
1348 2009 1428 2039 illam
1460 2009 1613 2038 materiam
1637 2008 1702 2049 jam
1727 2007 1765 2037 ad
1792 2007 1868 2037 aeris
1892 2006 1991 2037 locum

1157 2053 1328 2088 ascendere,
1346 2052 1390 2082 vel
1414 2052 1489 2081 1111111·
1510 2051 1548 2081 1111
1572 2062 1661 2092 aqua}
1684 2050 1865 2080 descendere
1881 2050 1990 2080 situm:

1158 2098 1208 2127 sed
1222 2097 1319 2126 forma
1329 2096 1392 2136 jam
1408 2095 1495 2125 iusita
1510 2094 1698 2126 naturaliter.
1708 2101 1738 2123 et
1753 2093 1918 2123 necessario
1931 2092 1995 2123 loca

1158 2139 1357 2180 congruentia
1374 2145 1483 2180 petunt
1503 2137 1566 2177 lege
1589 2145 1706 2167 1111111111)
1729 2136 1857 2177 legeque
1879 2135 1993 2172 divina,

1159 2194 1251 2224 quam
1273 2189 1389 2212 1111111111λ
1413 2181 1460 2211 lex
1484 2188 1633 2221 perpetuo
1657 2179 1804 2221 sequitur.
1851 2178 1995 2210 Similiter

1159 2225 1274 2255 animas
1289 2224 1404 2266 proprii
1421 2223 1535 2254 arbitrii
1552 2223 1697 2253 facultate
1712 2221 1861 2263 contingit
1875 2221 1915 2252 ad
1925 2221 1995 2252 talia

1160 2268 1292 2310 primum
1319 2267 1364 2297 vel
1397 2266 1467 2297 talia
1496 2277 1636 2307 vergere:
1671 2265 1781 2295 deinde
1804 2264 1995 2306 frequentius

1161 2311 1198 2341 ad
1215 2311 1320 2341 eadem
1338 2309 1472 2340 inclinari
1487 2322 1492 2339 :
1518 2309 1641 2339 demum
1659 2308 1739 2338 facto
1750 2308 1814 2349 jam
1834 2307 1940 2338 habitu
1957 2306 1995 2338 ad

1161 2354 1211 2384 illa
1226 2354 1367 2384 feruntur
1383 2352 1469 2394 quasi
1489 2360 1598 2382 natura
1613 2351 1740 2392 legeque
1756 2350 1887 2381 naturali
1907 2349 1995 2380 simul

1161 2405 1253 2438 atque
1276 2396 1390 2433 divina,
1409 2395 1561 2436 talemque
1580 2394 1622 2424 ita
1641 2394 1734 2424 vitam
1757 2401 1810 2424 aut
1830 2393 1918 2424 talem
1943 2391 1995 2422 de-

1162 2440 1255 2481 nique
1271 2439 1449 2469 sortiuntur.
1489 2438 1548 2475 Qui
1562 2449 1633 2467 vero
1649 2436 1743 2467 sancit
1758 2443 1875 2466 naturae
1887 2435 1994 2475 legem,

1164 2494 1222 2512 non
1238 2482 1324 2523 quasi
1344 2481 1545 2512 consultando
1567 2492 1603 2510 ex
1620 2478 1854 2521 transgressione
1872 2477 1945 2518 legis
1967 2484 1996 2507 et

1162 2525 1276 2555 ordinis
1290 2525 1443 2555 adductus
1465 2531 1509 2553 est
1528 2523 1567 2553 ad
1583 2522 1773 2553 sanciendam
1790 2521 1886 2562 legem
1902 2526 1931 2550 et
1946 2530 1996 2549 or-

1163 2568 1263 2598 dinem
1281 2567 1489 2603 statueudum,
1506 2567 1582 2596 sicut
1599 2564 1735 2596 homines
1754 2563 1933 2605 plerumque
1948 2573 1996 2592 so-

1166 2611 1244 2641 lent:
1263 2619 1332 2641 ante
1348 2611 1427 2640 enim
1444 2610 1539 2651 ipsam
1557 2608 1683 2650 primam
1700 2605 1872 2647 simpliciter
1886 2604 1995 2645 legem,

1167 2666 1236 2694 qua*
1261 2661 1290 2683 et
1315 2653 1432 2694 primus
1453 2652 1529 2682 ordo
1551 2659 1605 2687 est,
1629 2649 1713 2680 nulla
1735 2655 1779 2678 est
1801 2647 1997 2693 transgressio

1168 2696 1252 2737 legis,
1269 2707 1367 2737 neque
1382 2703 1480 2738 potest
1497 2694 1571 2725 ordo
1586 2693 1701 2734 primus
1715 2702 1752 2720 ex
1768 2689 1936 2731 privatione
1951 2700 1998 2720 or-
