2201 2990
926 117 994 151 DE
1024 117 1261 151 PLOTINO.

227 219 365 255 διάθεσις
390 220 431 254 εἶς
451 217 510 252 τὸν
536 217 705 263 περίγειον
726 215 859 255 κόσμον.

224 282 377 311 τελεῖται.
427 275 571 309 Altera:
602 273 775 307 Πλωτῖνου
800 273 873 319 περὶ
895 276 952 312 τῆς
974 273 1103 319 πρώτης
1126 273 1227 320 ἀρχῆς
1249 275 1313 307 τῶν
1335 271 1473 313 πάντων,
1493 276 1563 313 ἤτοι
1587 276 1660 321 περὶ
1687 280 1747 309 τοῦ
1773 279 1848 314 ἑνός.

223 336 307 378 cipit
325 332 523 379 Ἐπειδήπερ
541 332 588 365 δεῖ
605 330 680 364 εἶναι
699 330 740 365 τὸ
758 331 899 364 ἐπέκεινα
917 333 977 364 τοῦ
994 331 1064 366 νοός
1082 335 1145 365 etc.

1840 124 1962 157 xxxvfi

914 215 1043 259 Incipit
1067 214 1202 255 Ἐπειδὴ
1224 216 1450 253 πεπίστευται,
1469 217 1507 251 ὡς’
1534 216 1584 250 διὰ
1610 221 1673 252 τῶν
1695 219 1824 267 ἄστρων
1847 222 1960 255 πολλὰ

1199 331 1302 365 Adde
1322 343 1356 375 p.
1377 331 1433 365 36.
1452 344 1504 376 sq.
1526 333 1585 366 ubi
1604 333 1814 370 Lambecius
1838 281 1960 372 111011111-

221 393 274 426 nit
301 392 444 424 alterius
474 391 601 423 codicis
630 401 776 433 operum
804 389 1088 423 Plotinianorum
1120 391 1236 423 inutili
1268 391 1305 423 iu
1331 391 1452 424 eadem
1480 391 1692 425 bibliotheca
1720 393 1827 433 obvii,
1853 407 1955 438 quem

222 449 337 483 Perna
365 460 436 482 non
465 449 554 482 vidit
565 453 591 481 y.

644 448 835 481 Nonnullis
867 449 1036 492 exemplis
1063 448 1277 482 Basileensis
1308 449 1472 482 editionis
1499 460 1612 483 novus
1639 451 1765 484 titulus
1792 452 1957 494 praefixus

221 506 365 551 praefert
383 518 516 540 annum
537 505 631 540 1615
651 507 820 551 impensis
839 506 1013 541 Ludovici
1033 507 1154 552 Regis.

219 649 263 670 rat
278 643 335 670 vid.
351 643 383 670 C.
396 643 432 670 A.
447 642 605 680 Boettigeri
620 643 750 680 Epistola
764 643 799 671 ad
815 643 869 671 Ch.
883 644 957 671 Dan.
972 644 1062 672 Beck.

221 684 255 711 de
271 684 397 711 Hercule
414 683 444 710 in
462 683 544 710 Bivio
559 693 587 720 p.
609 693 652 711 11.
682 684 846 711 Advertunt
861 694 913 711 nos
935 684 1063 722 ejusdem

220 724 376 760 προσρῆσεις
399 730 428 751 et
444 724 541 758 ””Υμνου
563 725 587 751 ἐς
609 725 698 757 Geniis,
716 725 819 752 Jovem
845 725 915 752 alios
938 725 967 752 in
990 725 1062 753 Cod.

220 765 338 792 Monac.
351 764 557 792 CCXXXVH.
571 771 716 792 exstantes
729 765 798 799 (vid.
812 765 914 793 Hardt.
926 765 980 793 III.
997 775 1023 802 p.
1035 775 1062 801 9.

220 806 289 842 sq.),
304 805 380 832 unde
395 805 574 843 intelligitur,
588 806 734 842 quomodo
747 806 873 833 Platonis
889 815 986 833 amore
1002 806 1064 833 Pla-

221 846 440 882 tonicorumque
456 846 587 882 exemplo
603 852 765 873 commotus
779 846 867 874 homo
883 847 1064 874 Christianus

222 887 409 914 Ethnicorum
430 887 515 913 etiam
534 887 603 913 deos
625 887 823 918 celebraverit,
843 893 871 914 et
892 897 942 915 cur
957 887 992 914 ab
1014 887 1062 915 ad-

222 927 351 954 versariis
369 927 427 954 suis
449 927 479 954 in
494 927 658 954 Christiana
673 937 754 955 sacra
768 937 888 963 peccare
903 928 996 955 dictus
1016 928 1062 955 sit.

222 967 289 1004 Ejus
317 967 476 995 orationem
505 967 656 995 funebrem
689 969 839 1004 (μονῳδίαν)
868 969 896 995 in
921 969 1064 1003 ’Υπομονὴν

226 1008 295 1041 (1.0.
311 1008 341 1035 111
364 1008 468 1035 Irenen
490 1008 538 1035 vel
560 1008 715 1043 Helenam)
741 1009 887 1036 Manuelis
911 1009 1063 1047 Palaeologi

223 1058 339 1076 uxorem
363 1058 379 1076 e
401 1048 484 1076 codd.
502 1049 675 1076 Florentinis
697 1059 789 1086 nuper
808 1049 898 1077 edidit
913 1049 1064 1086 Mustoxy-

222 1089 281 1116 des.
325 1089 487 1116 Consilium
515 1096 612 1117 autem
641 1090 710 1117 illud
735 1099 811 1117 anno
838 1099 909 1126 1433
938 1090 1062 1126 primum

222 1130 346 1157 Ferrarae
375 1136 418 1157 est
446 1130 585 1157 habitum.
629 1131 695 1163 Quo
720 1130 894 1158 Florentiam
924 1131 1063 1158 translato

222 1170 298 1197 facta
319 1176 387 1197 sunt
409 1180 452 1201 ea,
473 1180 535 1206 quse
556 1171 671 1198 Ficinus
692 1171 825 1198 Prooemii
848 1171 957 1198 laudati
980 1171 1063 1198 initio

222 1217 328 1242 narrat,
344 1211 480 1238 nimirum
503 1217 535 1238 ut
554 1211 724 1238 Plethonem
746 1211 872 1238 Platonis
893 1211 1000 1248 placita
1022 1211 1063 1239 fa-

223 1251 316 1278 cunde
342 1251 533 1288 explicantem
559 1252 661 1288 saepius
687 1252 800 1279 audiret
823 1252 945 1279 Cosmus
968 1252 1064 1279 Medi-

222 1301 299 1323 ceuS,
319 1298 347 1319 et
369 1294 428 1329 ejus
449 1292 636 1328 philosophiae
659 1292 848 1320 admiratione
871 1293 974 1320 ductus
996 1293 1062 1319 Pla-

221 1333 322 1365 tonicoe,
345 1333 495 1359 Academiae
517 1333 669 1360 Florentiae
695 1333 879 1360 instituendae
904 1332 1062 1360 Consilium

221 1379 346 1409 caperet.
387 1373 430 1400 De
446 1382 503 1409 qua
517 1373 675 1400 Academia
689 1383 754 1400 cum
770 1373 906 1409 permulti
922 1382 1061 1409 exposue-

220 1414 278 1440 rint
293 1413 425 1445 Fabroni,
438 1413 613 1444 Tiraboschi,
631 1414 752 1444 Roscoe,
766 1414 880 1440 Heeren
899 1413 941 1448 (in
957 1413 1061 1440 Gesch.

221 1454 272 1481 der
286 1454 374 1480 Class.
391 1453 461 1481 Litt.
479 1453 516 1480 II.
540 1463 566 1490 p.
583 1461 631 1489 35.
648 1464 710 1490 sqq.
741 1454 866 1481 Schoell.
884 1454 960 1481 Hist.
980 1454 1015 1481 de
1036 1454 1063 1481 la

219 1495 275 1521 Lit.
302 1494 350 1521 Gr.
372 1494 437 1522 VII.
464 1504 493 1530 p.
514 1503 582 1529 3¹2-
620 1494 794 1531 Ginguenet‚
822 1494 977 1527 Sismondi,
1004 1494 1061 1525 alii,

220 1535 322 1571 quibus
333 1537 441 1572 junge:
466 1535 510 1561 De
524 1534 671 1561 Platonica>
687 1535 868 1570 Philosopliioe
877 1539 940 1571 post
955 1539 1064 1562 renatas

220 1576 314 1602 literas
335 1576 406 1610 apud
425 1575 513 1602 Italos
538 1575 731 1602 instauratione
754 1576 976 1608 commentarium,
1001 1576 1062 1603 sive

220 1616 344 1643 Marsilii
357 1615 447 1642 Ficini
466 1615 537 1646 Vita,
561 1621 677 1643 auctore
697 1616 801 1643 Joantze
824 1616 917 1643 Coi-sio
939 1626 1003 1643 eum
1023 1617 1060 1643 A.

218 1657 296 1684 Adur.
312 1656 430 1683 Bandini
443 1656 698 1687 Annotationibus,
716 1657 744 1684 in
761 1657 941 1684 Miscellanei
959 1657 988 1684 di
1003 1657 1060 1684 Va-

218 1697 261 1724 ria
277 1697 452 1724 Litteratura
465 1697 636 1724 Tom.VIII.
654 1697 751 1724 Lucca
768 1705 849 1733 1772.
865 1707 892 1733 p.
906 1697 971 1732 284.
983 1699 1059 1733 sqq.)

219 1747 304 1764 nemo
321 1744 418 1764 tamen
433 1738 487 1764 11110
506 1737 541 1764 (10
560 1747 590 1764 re
613 1737 751 1765 eruditius
774 1738 991 1775 elegantiusque
1014 1748 1060 1765 ex-

217 1779 322 1814 posuit,
339 1788 425 1814 quam
443 1778 556 1804 Carolus
571 1778 712 1814 Sierelsinq
728 1779 757 1805 111
776 1779 892 1805 libello:
917 1779 970 1805 Die
986 1779 1058 1806 Ges-

218 1819 331 1846 chichte
347 1819 398 1846 der
410 1819 611 1846 Platonischen
627 1819 783 1846 Aeademie
796 1829 831 1846 zu
844 1819 973 1846 Florenz.
987 1819 1058 1846 Got-

217 1859 288 1896 ting.
311 1860 392 1886 1812.
437 1859 541 1895 Neque
567 1859 644 1886 enim
670 1860 730 1886 haee
755 1861 878 1886 societas
899 1860 1059 1896 comparari

218 1900 305 1927 debet
331 1909 396 1926 cum
422 1900 493 1932 aliis,
520 1909 582 1936 quae
605 1900 767 1927 Academiae
793 1900 984 1936 appellantur,
1009 1901 1058 1928 sed

218 1946 356 1976 tanquam
374 1947 465 1967 coetus
480 1940 606 1967 virorum
626 1940 814 1971 eruditorum,
831 1941 879 1977 qui
895 1941 993 1968 Ficino
1009 1951 1058 1977 po-

219 1981 359 2008 tissimum
372 1987 490 2008 auctore
503 1987 531 2008 et
543 1981 691 2007 communi
705 1981 859 2008 Platonicae
871 1981 1058 2018 philosophiae

219 2021 312 2048 studio
328 2021 415 2052 ducti,
432 2021 513 2057 quasi
528 2021 672 2057 quoddam
691 2021 781 2048 foedus
803 2022 928 2049 inierant
948 2022 976 2048 111
997 2032 1058 2049 1110-

218 2071 278 2088 rem
290 2062 543 2099 Pythagoreorum,
557 2062 769 2089 Platonicorum
784 2062 872 2089 libros
886 2063 1057 2094 recitabant,

220 2101 255 2128 de
285 2104 344 2139 ejus
372 2103 485 2138 placitis
513 2102 761 2138 colloquebantur,
787 2103 910 2130 maxime
940 2103 969 2130 in
998 2103 1058 2130 otio

219 2142 292 2169 ruris
317 2148 346 2169 et
370 2143 495 2169 Platonis
521 2143 566 2170 die
592 2143 689 2170 natali.
733 2143 834 2170 Socios
859 2144 919 2180 ipse
944 2143 1058 2171 Fit-inus

219 2188 369 2209 enumerat
390 2183 479 2219 Epist.
502 2183 564 2210 Lib.
586 2183 636 2210 XI.
655 2192 702 2219 30.
730 2183 779 2217 (cf.
797 2184 919 2215 Roscoe‚
945 2184 1007 2211 Life
1030 2184 1062 2211 of

220 2223 361 2253 Lorenzo,
377 2232 438 2259 cap.
457 2223 522 2258 ΙΙΙ.)
566 2224 609 2250 Ea
630 2225 751 2251 societas
773 2224 919 2251 Pletlionis
941 2234 974 2251 ex
997 2225 1056 2252 elo-

219 2263 338 2299 quentia
353 2269 444 2294 enata,
461 2264 557 2290 Cosmi
574 2264 780 2301 Laurentiique
795 2265 889 2292 studio
906 2265 1014 2292 nutrita
1029 2272 1057 2292 et

219 2310 305 2331 aucta.
328 2303 471 2330 Franzisci
496 2303 631 2331 Bandinii
655 2306 786 2341 praesidio
812 2305 989 2341 consilioque
1015 2306 1056 2332 di-

219 2350 298 2372 recta
314 2343 442 2370 Ficinum
460 2344 539 2379 quasi
561 2345 677 2381 genium
693 2346 801 2373 habuit.
828 2346 884 2379 (Cf.
901 2346 1058 2383 Sieveking

218 2395 245 2422 p.
264 2392 290 2420 7.
307 2390 336 2411 et
350 2393 378 2419 p.
398 2385 459 2419 29.)
502 2383 582 2411 Bene
597 2385 784 2422 Mustoxydes
800 2386 829 2413 in
844 2386 930 2413 Notis
945 2387 1056 2424 subjec-

219 2426 255 2453 tis
280 2424 413 2452 Orationi
436 2423 583 2451 Plethonis
606 2425 728 2452 laudatae
754 2437 781 2464 p.
800 2435 825 2460 7.
848 2427 888 2453 ita
910 2427 1057 2454 Pletlionis

218 2466 322 2494 merita
340 2464 521 2501 persequitur
533 2475 538 2490 :
564 2468 582 2479 “
595 2466 608 2490 ὁ
622 2466 765 2500 περίφημος
779 2467 925 2494 Mart-ilius
938 2467 1055 2499 Ficinus,

219 2509 232 2533 ὁ
246 2506 430 2541 μεταφραστὴς
445 2506 484 2530 καὶ
498 2505 645 2532 ἀπόστολος
660 2509 823 2541 Πλατωνικῆς
836 2509 999 2542 φιλοσοφίας
1013 2510 1058 2534 τὸν

221 2546 418 2582 (Plethonem)
434 2546 559 2579 χρεωστεῖ
577 2546 608 2570 τὰ
627 2546 800 2578 διδασκαλεῖα,
816 2549 897 2574 καθὼς
916 2549 955 2574 καὶ
975 2550 1022 2582 ὅλη
1043 2549 1057 2582 ἡ

220 2589 328 2623 Εὐρώπη
347 2587 392 2612 τὸν
411 2586 549 2619 κλονισμὸν
568 2586 608 2610 καὶ
629 2588 785 2620 κρημνισμὸν
801 2591 851 2613 τῶν
866 2591 1056 2622 σχολαστικῶν.

220 2628 318 2664 Atque
334 2636 367 2654 ex
383 2626 474 2653 Ficini
495 2625 632 2661 epistolis,
649 2626 777 2663 ejusdem
793 2627 1010 2655 Praefationibus
1028 2629 1057 2656 111

1114 644 1264 671 Platonem
1287 650 1374 680 atque
1396 644 1425 671 in
1447 644 1603 676 Plotinum,
1620 645 1694 672 sicut
1716 655 1749 673 ex
1769 645 1958 674 Commenta-

1114 684 1156 711 rio
1178 684 1207 711 in
1224 685 1350 712 Platonis
1366 685 1540 712 Convivium
1563 685 1639 712 illius
1657 686 1821 713 Academi-<e
1841 686 1959 715 historia

1115 725 1238 752 maxime
1259 725 1417 762 repetenda
1439 731 1490 753 est.
1535 726 1656 753 Marsilii
1679 732 1776 753 antem
1796 727 1885 763 ipsius
1901 728 1960 754 vita

1115 775 1148 792 ex
1174 767 1236 802 ejus
1267 766 1401 802 operibus
1428 767 1561 802 componi
1588 767 1684 798 debet,
1708 768 1749 794 uti
1774 767 1843 795 fecit
1868 768 1898 796 J.
1923 768 1956 795 G.

1116 806 1265 833 Scliellzorn
1285 807 1314 833 111
1337 807 1560 834 Amoenitatibus
1576 807 1723 834 Literariis
1743 808 1825 835 Tom.
1842 809 1864 835 Ι.
1888 815 1956 836 sect.

1116 847 1152 874 ΙΙ.
1176 857 1203 883 p.
1226 847 1369 882 18—136.
1414 848 1536 875 Proinde
1559 854 1638 875 recte
1660 849 1829 884 pronuntiat
1850 850 1960 876 Auctor

1115 887 1209 924 Elogii
1232 888 1370 915 Fit-iniani
1394 888 1423 915 111
1444 888 1579 924 Figliucci
1600 889 1685 925 Eloyi
1703 889 1779 926 degli
1801 889 1906 916 Uomz‘m·
1925 890 1958 916 il-

1115 928 1195 955 lustri
1220 928 1330 955 Tuscani
1354 929 1435 956 Tom.
1458 929 1495 956 II.
1526 929 1555 956 111
1578 929 1674 956 Luc-ca
1702 937 1785 965 1772.
1812 939 1839 966 p.
1858 930 1955 957 ClII.z

1117 973 1134 982 “
1147 969 1313 996 Moltissimi
1329 969 1461 996 Scrittori
1476 970 1573 996 hanno
1589 970 1700 1004 parlato
1716 970 1743 997 di
1756 970 1809 997 Lui
1826 970 1865 1004 (di
1878 971 1957 998 Mar-

1115 1009 1178 1036 silio
1204 1010 1314 1043 Fieino)
1342 1020 1388 1037 nia
1414 1020 1539 1037 1105511110
1567 1010 1605 1037 lia
1633 1016 1709 1038 stesa
1736 1020 1795 1037 una
1817 1011 1886 1038 Vita
1910 1011 1958 1048 pisi

1115 1056 1207 1077 esau-a
1229 1050 1257 1077 di
1275 1051 1334 1077 Gio.
1353 1051 1469 1086 Geor-(fio
1490 1051 1665 1078 Sclielliornio
1683 1052 1820 1079 Amoenit.
1837 1052 1957 1079 Literar.

1114 1091 1194 1117 Tom.
1212 1090 1234 1117 Ι.
1255 1091 1307 1118 0110
1323 1091 1381 1118 l'ba
1395 1092 1522 1118 rieavata
1537 1091 1612 1118 dalle
1628 1092 1723 1128 Opere
1738 1092 1784 1119 del
1800 1093 1957 1120 medesimo

1115 1131 1217 1158 Ficino.
1262 1132 1300 1159 H.
1318 1132 1345 1158 Ρ.
1363 1132 1490 1159 Niceron
1507 1132 1664 1159 Menioires
1687 1133 1737 1160 des
1758 1133 1896 1160 Hommes
1920 1134 1956 1160 Il-

1114 1171 1193 1198 lustr.
1210 1171 1293 1199 Tom.
1308 1172 1354 1203 V„
1371 1182 1386 1199 e
1408 1172 1427 1198 il
1451 1172 1579 1200 Brut-ker
1599 1173 1672 1200 Hist.
1694 1173 1858 1210 Philosoph.
1895 1174 1956 1202 Per.

1115 1212 1167 1238 HI.
1190 1212 1220 1239 P.
1238 1212 1260 1239 I.
1282 1212 1331 1239 lib.
1348 1213 1370 1239 I.
1394 1222 1456 1249 cap.
1475 1222 1499 1239 2.
1528 1223 1586 1240 non
1606 1213 1704 1240 hanno
1725 1213 1797 1240 fatto
1816 1214 1889 1241 altro
1905 1215 1957 1242 che

1115 1252 1340 1289 compendiarh),
1353 1252 1387 1280 ed
1403 1253 1431 1279 io
1446 1253 1503 1279 l'ho
1519 1253 1662 1290 segnitato
1677 1254 1706 1280 in
1720 1254 1812 1290 quest'
1824 1255 1956 1292 Elogio.”

1114 1293 1229 1319 Corsius
1258 1298 1355 1320 tamen
1382 1299 1469 1329 atque
1496 1294 1657 1320 Bonilinius
1684 1294 1714 1321 in
1742 1295 1815 1322 libro
1840 1295 1956 1323 laudato

1114 1333 1196 1369 plura
1221 1333 1367 1364 addidere,
1393 1339 1422 1360 et
1447 1334 1502 1360 illis
1528 1334 1669 1371 excerptis
1692 1344 1707 1362 e
1730 1335 1820 1362 Ficini
1844 1336 1957 1373 scriptis

1114 1374 1313 1400 commentarii
1336 1384 1419 1401 usum
1441 1380 1588 1410 111-10513111.
1632 1376 1698 1408 Quo
1719 1375 1792 1402 libro
1815 1386 1880 1404 cum
1903 1386 1956 1404 nee

1114 1414 1273 1441 Heerenius
1289 1414 1325 1440 V.
1339 1416 1371 1442 C.
1391 1414 1468 1448 (Vol.
1485 1415 1521 1442 ΙΙ.
1538 1425 1566 1451 p.
1582 1415 1647 1451 269.
1663 1425 1758 1452 neque
1775 1416 1955 1454 Sieveking.)

1112 1454 1156 1481 1151
1178 1454 1245 1485 sint,
1266 1455 1321 1482 hoc
1346 1455 1436 1492 magis
1459 1456 1541 1482 illum
1566 1457 1800 1484 commendatum
1823 1457 1957 1486 volumus

1112 1495 1155 1526 iis,
1181 1496 1229 1531 qui
1255 1495 1290 1522 de
1316 1496 1406 1522 Fieini
1432 1496 1517 1523 rebus
1543 1503 1677 1524 accurate
1703 1497 1799 1525 doceri
1829 1499 1955 1534 cupiant.

1113 1536 1197 1569 Quod
1213 1542 1310 1563 autem
1326 1536 1485 1564 Florentini
1508 1537 1548 1563 illi
1564 1537 1705 1564 Platonici
1721 1538 1826 1565 Plotini
1842 1548 1956 1575 quoque

1113 1576 1219 1613 scripta
1242 1582 1323 1603 tanto
1349 1577 1443 1604 studio
1467 1584 1651 1614 exceperunt,
1676 1587 1833 1615 eorumque
1855 1586 1953 1607 aucto-

1111 1626 1172 1644 rem
1189 1623 1339 1653 tantopere
1356 1617 1526 1649 dilexerunt,
1542 1628 1600 1645 non
1617 1625 1770 1655 propterea
1789 1619 1880 1646 solum
1897 1620 1953 1647 fac-

1112 1663 1183 1689 tum,
1200 1658 1276 1694 quod
1293 1668 1327 1685 ex
1342 1658 1396 1685 illis
1412 1659 1538 1685 Platonis
1559 1665 1749 1686 monumenta
1763 1660 1884 1687 lucidius
1907 1670 1954 1688 ex-

1112 1698 1211 1734 plicari
1228 1708 1308 1734 posse
1324 1699 1490 1731 credebant,
1503 1699 1551 1726 sed
1565 1700 1701 1735 quoniam
1717 1700 1769 1727 sibi
1782 1701 1955 1728 videbantur

1112 1739 1272 1776 intelligere
1292 1749 1428 1777 magnum
1444 1749 1628 1771 consensum,
1646 1741 1694 1776 qui
1715 1740 1790 1768 inter
1805 1741 1954 1779 Evangelii

1112 1780 1376 1816 Apostolorumque
1392 1780 1553 1807 doctrinam
1569 1786 1596 1807 et
1612 1781 1815 1812 Plotinianam‚
1832 1783 1954 1809 maxime

1110 1820 1138 1846 in
1162 1820 1311 1856 praeceptis
1335 1821 1491 1848 moralibus
1516 1821 1709 1849 intercederet
1732 1822 1781 1856 (cf.
1799 1822 1954 1860 Sieveking

1110 1870 1138 1896 p.
1155 1863 1218 1898 55).
1262 1862 1432 1888 Accesserat
1447 1861 1571 1888 Joannis
1587 1862 1645 1889 Pici
1666 1862 1863 1890 Mirandulani
1886 1873 1952 1891 auc-

1111 1901 1220 1932 toritas,
1236 1907 1269 1928 ut
1288 1902 1322 1929 ad
1343 1902 1488 1929 Plotinum
1506 1902 1678 1930 vertendum
1701 1909 1729 1930 et
1751 1903 1952 1939 explicandum

1110 1950 1139 1968 se
1162 1942 1243 1968 daret
1261 1942 1425 1969 Mai-silius:
1454 1949 1486 1970 ut
1504 1943 1564 1979 ipse
1587 1949 1684 1970 narrat
1705 1944 1735 1970 in
1754 1944 1895 1971 Prooemio
1917 1946 1952 1972 ad

1110 1982 1265 2009 Plotinum.
1309 1983 1393 2016 Quod
1414 1993 1486 2020 opus
1509 1984 1644 2020 auspiciis
1666 1990 1695 2010 et
1716 1985 1858 2012 sumtibus
1877 1985 1952 2012 Lau-

1110 2023 1195 2049 rentii
1224 2023 1356 2054 Medicis,
1384 2024 1429 2050 cui
1456 2025 1543 2051 etiam
1569 2024 1738 2061 inscriptum
1768 2031 1821 2056 est,
1852 2026 1951 2053 excudi

1110 2069 1235 2099 coeptum
1262 2064 1343 2099 prelo
1372 2069 1468 2091 tamen
1497 2064 1612 2091 demum
1640 2065 1716 2096 exiit,
1745 2075 1779 2092 eo
1800 2068 1859 2103 jam
1887 2066 1951 2093 fatis

1109 2103 1209 2131 functo
1231 2104 1308 2137 (vid.
1325 2104 1446 2131 Marsilii
1463 2105 1674 2132 Allocutionem
1695 2105 1729 2133 ad
1746 2106 1862 2133 Petrum
1878 2107 1952 2134 Lau—

1110 2145 1195 2171 rentii
1218 2144 1308 2171 filium
1335 2145 1369 2172 ad
1393 2146 1502 2173 calcem
1526 2146 1660 2173 editionis
1682 2146 1792 2173 Latinae
1815 2147 1952 2184 principis

1110 2184 1144 2212 cf.
1159 2185 1318 2212 Schelhorn
1335 2187 1357 2219 ξ.
1371 2194 1416 2220 24.
1432 2196 1460 2223 p.
1472 2194 1518 2222 97.
1536 2192 1564 2213 et
1576 2186 1708 2213 Gorsium
1724 2193 1811 2223 atque
1828 2188 1949 2215 Bandin.

1110 2235 1137 2262 p.
1151 2234 1219 2260 320.
1236 2227 1303 2262 sq.).
1334 2226 1393 2261 [Ἄ]

1143 2271 1157 2292 Υ
1172 2266 1246 2293 Eum
1262 2266 1417 2293 Lambeck.
1434 2266 1541 2294 collatu
1556 2267 1752 2305 dignissimum
1770 2275 1875 2296 censet.
1900 2269 1949 2296 Est

1109 2316 1177 2333 vero
1194 2307 1256 2334 eod.
1269 2307 1349 2333 XIIl.
1366 2317 1393 2343 p.
1407 2307 1454 2342 76.
1470 2307 1608 2334 Lamhecii
1619 2309 1782 2335 Comment.
1799 2309 1866 2336 edit.
1880 2309 1949 2337 Kol-

1108 2347 1179 2374 larii.
1203 2347 1319 2374 Eaedem
1332 2347 1395 2374 (11110
1408 2348 1532 2375 dissertt.
1549 2354 1615 2375 sunt
1630 2348 1658 2375 in
1672 2349 1742 2376 Cod.
1755 2349 1858 2376 Caesar.
1869 2350 1949 2378 XIV.

1108 2388 1183 2423 apud
1200 2388 1336 2415 Lambee.
1347 2388 1412 2415 Vll.
1429 2398 1455 2424 p.
1468 2388 1513 2415 80.
1532 2394 1563 2416 ut
1578 2389 1606 2416 in
1622 2395 1691 2416 nota
1701 2391 1762 2426 jam
1778 2391 1949 2417 memoravi-

1108 2437 1180 2455 mus.
1224 2428 1281 2455 Sed
1304 2429 1332 2455 in
1356 2429 1419 2456 cod.
1436 2428 1503 2456 ΧΠ.
1528 2439 1555 2465 p.
1575 2438 1621 2465 75.
1644 2430 1832 2457 eontinentur
1845 2431 1949 2458 Plotini

1108 2469 1172 2495 (1155.
1186 2469 1408 2505 philosophicar.
1419 2469 1630 2497 Platonicarum
1642 2470 1794 2497 Enneades
1806 2480 1867 2502 sex;
1880 2472 1947 2498 item

1109 2510 1236 2546 ejusdem
1253 2510 1356 2536 Plotini
1369 2519 1464 2536 sermo
1481 2510 1516 2537 de
1531 2510 1672 2546 principio
1688 2511 1813 2538 universi
1835 2512 1891 2538 sive
1913 2513 1947 2539 de

1109 2559 1184 2576 uno:
1208 2559 1260 2577 nec
1277 2560 1334 2577 non
1351 2560 1384 2577 ex
1401 2550 1528 2587 ejusdem
1546 2551 1649 2578 l'lotini
1671 2551 1743 2578 libro
1765 2551 1892 2578 secundo
1912 2552 1946 2579 de

1108 2590 1325 2617 immortalitate
1341 2590 1428 2617 animi
1445 2590 1648 2626 fragmentum,
1663 2590 1754 2627 (quod
1771 2592 1857 2618 ctiam
1873 2592 1947 2627 apud

1110 2629 1269 2657 Eusebium
1287 2630 1322 2658 de
1338 2631 1458 2667 Praepar.
1476 2631 1585 2669 Evang.
1609 2637 1719 2658 exstare
1737 2633 1796 2668 jam
1819 2631 1946 2659 animad-
