2201 2990
247 165 315 196 cxiv

789 164 1164 195 ANNOTATIONES
1190 164 1240 195 IN
1264 163 1462 195 PLOTINI

250 250 370 282 Homil.
388 249 444 280 VI.
466 261 498 292 p.
516 258 565 290 74.
585 248 652 280 loco
671 248 710 280 de
725 249 782 281 hac
802 261 835 281 re
856 250 998 282 classico:
1025 249 1092 281 ἀλλ’
1112 251 1138 278 A
1158 249 1310 280 Steliteut.
1328 249 1372 289 (in
1388 249 1514 280 Notices
1528 255 1558 279 et
1574 248 1715 279 Exn-aits
1732 249 1799 279 XI.
1813 258 1840 279 2.
1854 249 1903 280 ed.
1915 249 2003 280 Bois-

249 304 277 333 οἱ
295 303 367 342 ὑπὲρ
382 303 418 332 τὰ
433 301 602 340 ἐσκαμμένα
621 303 768 339 πηδῶντες
784 302 831 332 ε’πὶ
849 302 902 340 τὴν
917 302 1095 341 συνηγορίαν

248 355 297 391 τῆς
315 353 561 393 γενεθλιαλογίας
578 352 631 383 τὸν
650 354 744 392 λόγον
765 353 885 383 ἕλκουσι
906 353 952 383 καὶ
970 352 1095 392 λέγουσι

247 407 468 444 προσηρτῆσθαι
493 405 546 443 τὴν
574 403 718 444 ἡμετέραν
743 403 818 442 ζωὴν
843 405 876 442 τῇ
905 403 1016 441 κινήσει
1038 405 1096 432 τῶν

247 455 402 495 οὐρανίων.
426 463 456 486 et
472 467 503 498 p.
516 465 565 496 75.
579 462 672 486 extr.:
695 454 912 494 καταγέλαστοι
929 455 975 484 καὶ
991 455 1096 493 οἱπερὶ

247 506 300 545 τὴν
318 507 502 547 ἀνύπαρκτον
522 508 629 545 ταύτην
649 506 757 546 τέχνην
777 507 984 545 ε’σχολακότες,
1003 506 1048 535 καὶ
1068 507 1096 535 οἱ

246 558 318 598 πρὸς
341 559 443 590 αὐτοὺς
470 558 634 597 κεχηνότες,
661 557 698 588 ὡς
723 556 900 594 δυναμένους
926 556 1034 586 εἰδέναι
1059 558 1095 586 τὰ

247 609 306 640 κατ’
324 610 436 641 αὐτούς·
460 609 507 639 οῗα
527 609 558 638 δὲ
584 608 618 646 (f.
635 607 681 646 δὴ)
705 607 750 637 καὶ
770 609 805 637 τὰ
826 606 1091 644 ἀποτελεσματικά.
1112 610 1136 636 Β

248 660 307 691 Sed
322 668 386 691 tota
402 658 570 701 disputatio
586 657 716 700 legenda
731 664 776 688 est
792 665 903 688 etcum
919 657 1094 687 Plotiniano

244 711 324 742 libro
354 722 425 741 mox
453 709 575 741 citando
604 708 800 739 conferenda.
845 708 900 738 Ad
927 719 1092 749 argumen-

246 771 311 793 tum
323 775 329 793 :
349 761 615 802 “Astrologorum
629 759 845 796 divinationes,
858 760 1013 800 praecipue
1025 759 1094 800 qui-

244 813 303 844 bus
319 813 435 844 animos
451 812 628 853 subjiciunt,
642 811 752 853 passim
771 810 933 853 impugnat
951 810 1093 840 Plotinus

245 864 403 895 Enneadis
422 865 470 894 II.
490 863 568 893 libro
589 863 657 893 III.
683 870 713 893 et
737 862 880 892 Enuead.
899 862 968 892 III.
992 862 1041 892 111).
1063 862 1099 893 Ι.·

244 928 270 946 c.
288 924 317 956 5.
345 923 375 946 et
398 915 450 945 lib.
468 915 515 945 II.
541 925 575 944 ac
600 914 670 944 III.
709 913 780 943 Vid.
807 925 837 955 p.
859 923 929 943 211.
950 925 996 954 sq.
1019 923 1088 953 232.

246 976 317 1007 245.
337 968 408 1007 263.
431 974 502 1005 275.
524 965 598 996 etc.”
629 965 757 995 Fabric.
804 965 875 995 Hoc
898 964 1020 994 nomine
1043 975 1089 994 re-

243 1017 445 1059 prehenditur
462 1016 603 1046 Plotinus
619 1027 636 1046 a
652 1015 741 1045 Julio
757 1015 892 1046 Firmico
908 1015 937 1045 in
957 1016 1089 1045 Prooem.

244 1069 345 1099 Math.
371 1080 402 1110 p.
418 1068 473 1097 VI.
512 1068 644 1097 Alatler.
667 1066 697 1097 in
721 1067 819 1097 Essaz'
843 1067 1012 1108 historique
1035 1078 1092 1096 sur

240 1120 335 1149 Γέεοῖε
361 1118 584 1148 d‘Alcwandrie
609 1118 659 1148 II.
686 1130 715 1159 p.
734 1127 803 1157 271.
829 1125 966 1148 nostrum
990 1117 1088 1148 locum

241 1170 405 1211 3111118033,
437 1177 466 1200 et
496 1169 526 1199 in
559 1169 762 1199 Enneadibus
793 1169 975 1211 astrologica
1005 1169 1088 1199 haud

241 1233 340 1263 pauca
355 1221 451 1251 inesse
471 1220 625 1262 opinatus,
642 1220 707 1251 111Βο
724 1220 789 1262 ipsa
813 1232 871 1251 non
891 1220 1014 1251 Plotino
1037 1220 1088 1251 sed

242 1272 418 1315 Porphyrio
435 1272 599 1303 tribuenda
615 1280 728 1309 censet,
746 1280 852 1314 utpote
869 1271 922 1313 qui
940 1271 996 1302 ista
1012 1283 1089 1313 prze-

987 1324 1087 1360 Quam

239 1375 445 1417 conjecturam
464 1374 556 1405 nolim
573 1374 628 1405 sibi
651 1374 798 1405 excidisse
814 1385 938 1416 passum
962 1386 1025 1404 esse
1042 1374 1087 1404 vi-

541 1425 631 1456 Plura
656 1425 685 1455 in
703 1425 780 1456 lianc
797 1437 858 1456 rem
876 1425 940 1455 dixi
962 1425 999 1455 ad
1019 1425 1089 1455 l‘lo-

239 1323 370 1366 ceptoris
403 1323 665 1365 disputationibus
701 1323 931 1365 interposuerit.

240 1438 307 1456 rum
324 1426 493 1456 eruditum.

240 1477 293 1508 tini
313 1477 442 1507 librum:
469 1478 505 1507 Εἰ
520 1480 598 1507 ποιεῖ
613 1478 648 1507 τὰ
663 1477 775 1516 ἄστρα;
801 1488 831 1518 p.
850 1485 918 1517 137.
937 1488 1003 1518 sqq.
1033 1479 1086 1508 Cr.

282 1540 311 1570 p.
328 1527 400 1558 lxvi.
414 1527 437 1557 ¹¹.
460 1531 517 1558 τῶν
533 1530 719 1566 Χριστιανῶν
733 1528 841 1558 πολλοὶ
855 1529 910 1566 μὲν
927 1528 971 1558 καὶ
988 1528 1086 1565 ἄλλοι,

239 1579 375 1619 αἱρετικοὶ
399 1579 457 1621 δέ]
490 1580 630 1609 illatter:
656 1579 801 1609 Histot'rc
823 1579 865 1609 (Ιιι
884 1580 1087 1609 Gnosticisme

240 1631 265 1660 I.
286 1642 315 1671 p.
331 1638 384 1671 55.
402 1638 462 1661 not.
487 1641 508 1660 1.
540 1634 561 1648 “
576 1630 691 1665 1’1()1111,
716 1630 769 1671 qui
796 1638 840 1660 est
866 1630 946 1672 plein
971 1630 1086 1661 (l'idees

1157 300 1260 331 sonad.
1285 312 1316 342 p.
1335 301 1442 341 126.):
1468 301 1550 332 οὗτος
1572 301 1587 330 ὁ
1604 301 1773 339 Πορφύριος
1795 302 1868 330 κατὰ
1889 303 1937 339 τῆς
1954 302 2001 332 πί-

1156 365 1248 384 στεως
1276 353 1356 390 ἡμῶν
1387 352 1511 391 ἔγραφε,
1544 351 1783 389 καὶ-συνέταξε
1816 351 1923 390 λήρους
1957 352 2003 382 καὶ

1156 401 1630 442 φάσματα-καταφρυαξάμενος,
1645 402 1697 432 ubi
1714 401 1803 433 lectio
1816 403 1840 433 C
1844 402 1894 433 od.
1910 401 2002 433 Coisl.

1157 454 1448 493 καταθρασυυόμενος
1472 452 1556 482 haud
1579 452 1673 483 dubie
1696 453 2001 495 interpretamentum

1155 511 1209 534 est.
1257 505 1336 534 Mox
1349 516 1354 534 :
1382 505 1413 533 ἐκ
1428 505 1477 541 τῆς
1492 506 1619 535 παλαιᾶς
1635 506 1818 543 φιλοσοφίας
1832 504 2002 544 ἀνηγμένοι.

1156 555 1287 585 ΙΙΙατΐσν.
1312 554 1378 584 libr.
1405 553 1531 584 laudato
1556 555 1602 584 ΙΙ.
1628 566 1657 595 p.
1675 556 1748 593 460.
1774 564 1837 587 not.
1857 565 1898 587 2.:
1925 557 2003 587 “Ce

1157 613 1223 635 sont
1251 605 1293 635 les
1321 605 1474 635 doctrines
1505 605 1543 635 de
1572 604 1702 636 l'Orient
1732 607 1898 648 qu'eutend
1927 608 2000 638 Por-

1155 656 1265 698 phyre,
1282 664 1311 686 et
1329 655 1393 686 cela
1411 655 1591 686 caracter-ise
1613 656 1828 697 parfaitement
1848 657 1891 688 les
1913 660 2001 689 Gno-

1155 707 1299 749 stiques.”
1324 707 1375 738 Cf.
1390 719 1422 749 p.
1440 716 1512 746 474.
1530 719 1575 748 sq.
1603 708 1658 738 Cr.

1197 770 1227 800 p.
1251 758 1324 788 lxvi.
1345 765 1368 787 e·
1399 759 1426 788 οἱ
1452 758 1517 797 περὶ
1542 757 1716 797 ’Λὸε’λφιον,
1743 759 1790 788 καὶ
1815 758 1999 802 Ἀκυλῖνον,“1

1155 814 1175 828 “
1191 809 1329 846 Rectius,
1347 809 1377 839 ni
1400 808 1500 845 fallor,
1517 810 1544 839 οἱ
1564 810 1630 848 περὶ
1651 809 1701 839 τὸν
1725 808 1840 850 [delevi
1862 810 1913 840 τὸν
1930 822 2002 841 aue-

1153 861 1275 891 toritate
1295 860 1393 902 plurr.
1412 867 1442 890 et
1462 860 1586 890 bonorr.
1602 860 1723 891 librorr.
1749 861 1821 903 Cr.]
1839 860 2001 901 Ἀδέλφιον

1154 913 1200 943 καὶ
1214 912 1372 942 Ἀκυλῖνον
1389 911 1501 941 Latine
1517 911 1659 942 dicentur
1675 912 1846 953 Aclclplcius
1861 917 1889 943 et
1904 913 2002 955 Aqui-

1153 964 1248 994 Ιίνιιις.
1294 965 1403 1004 Atque
1430 962 1573 1004 Aquilini
1603 963 1694 993 etiam
1725 963 1803 993 inter
1834 963 2000 1006 Porphyrii

1154 1016 1352 1054 συμφοιτητὰς
1370 1014 1527 1044 Amerium
1550 1022 1579 1044 et
1601 1014 1766 1055 Origenem
1788 1015 1873 1057 apud
1892 1016 2001 1046 Euna-

1154 1065 1238 1107 pium
1265 1066 1306 1107 [p.
1328 1075 1376 1095 10.
1401 1065 1449 1095 ed.
1469 1065 1662 1105 Boissonad.]
1688 1065 1811 1096 mentio.
1859 1065 1919 1096 Sed
1944 1066 2000 1097 nisi

1154 1117 1334 1158 Eunapium
1351 1116 1459 1147 fefellit
1476 1116 1632 1153 memoria,
1650 1116 1774 1147 omnino
1791 1117 1941 1148 Paulinus
1956 1117 1998 1149 ibi

1153 1178 1210 1208 pro
1234 1167 1385 1209 Aquilino
1405 1167 1582 1208 leg-endum,
1606 1175 1637 1197 ut
1661 1178 1791 1209 magnus
1814 1169 1999 1200 Pearsonius

1155 1219 1199 1259 [iu
1214 1218 1360 1259 Prolegg.
1372 1218 1410 1248 ad
1424 1218 1598 1248 Hieroclem
1614 1219 1663 1249 De
1677 1218 1887 1260 Providentia]
1902 1219 1999 1261 probe

1151 1269 1354 1300 ‹›l)servavit.”
1384 1270 1512 1299 Fabric.
1561 1269 1647 1299 Huic
1676 1270 1861 1311 conjecturae
1892 1271 2000 1302 suffra-

1107 1330 1132 1356 D
1150 1330 1265 1361 gantur
1291 1320 1330 1351 ad
1358 1320 1539 1362 Eunapium
1569 1320 1786 1351 Boissonadius
1815 1333 1843 1362 p.
1869 1323 1937 1353 168.
1967 1330 1998 1353 et

1152 1372 1375 1414 XVyttenbacli.
1404 1383 1434 1413 p.
1454 1382 1506 1410 40.
1564 1373 1604 1402 E.
1622 1373 1665 1402 A.
1690 1372 1823 1402 Lc’zcaltl.
1848 1372 1877 1403 in
1903 1374 1996 1404 Com-

1150 1431 1276 1454 mentat.
1293 1423 1331 1454 de
1348 1423 1499 1454 Doctrina
1516 1423 1663 1454 Gnostica
1680 1435 1710 1464 p.
1729 1432 1803 1462 124:
1831 1428 1852 1442 “
1864 1424 1997 1456 Nomina

1150 1474 1298 1517 Adelphii
1316 1483 1346 1505 et
1363 1474 1487 1516 Acylini
1507 1473 1692 1516 [Aqtiilitii]‚
1710 1486 1788 1516 quos
1809 1483 1898 1505 sectae
1914 1475 1996 1518 prin-

1147 1526 1230 1567 cipes
1247 1534 1333 1556 vocat
1349 1525 1555 1567 l'orpliyriuS,
1571 1534 1720 1568 praeterea
1736 1526 1918 1568 i11c‹›gtiita.”
1952 1528 1996 1558 Et

1148 1577 1275 1608 fortasse
1299 1588 1395 1607 unum
1419 1577 1589 1607 alterumve
1613 1577 1722 1607 luorum
1748 1578 1905 1608 nominum
1928 1589 1993 1609 cor-

1149 1636 1288 1670 ruptum,
1302 1640 1401 1670 neque
1414 1635 1514 1658 tamen
1532 1636 1696 1670 propterea
1710 1628 1884 1659 consultum
1901 1629 1995 1660 fuerit

237 1681 403 1723 analogues
420 1683 437 1712 ἐι
453 1681 542 1712 celles
563 1681 616 1711 des
633 1681 834 1723 Gnostiques,
850 1689 879 1712 et
896 1681 949 1723 qui
973 1681 1015 1712 les
1037 1684 1085 1712 re·
1104 1687 1128 1714 E
1149 1679 1252 1710 multis
1275 1679 1458 1721 conjecturis
1482 1679 1650 1719 indulgere,
1669 1691 1723 1710 ne(-
1744 1691 1845 1721 opera*
1868 1680 1995 1711 fortasse

237 1733 304 1764 fute
326 1733 498 1774 cependant
514 1733 590 1763 dans
615 1744 655 1763 un
681 1733 770 1764 traite
791 1733 977 1775 partic-ulier,
997 1745 1086 1774 parce

236 1784 309 1826 qu'il
331 1793 375 1815 est
397 1784 537 1815 l'ennemi
560 1784 598 1814 de
623 1792 690 1815 tout
711 1785 813 1826 ecqui
831 1785 905 1815 tient
922 1796 961 1814 au
979 1785 1083 1815 Chris-

237 1835 406 1866 tianisme.”
451 1836 522 1877 Ego
546 1843 691 1866 neutrum
716 1835 857 1866 dixerim.
897 1837 1015 1866 Eadem
1038 1836 1086 1866 fu-

237 1888 299 1918 sius
320 1887 430 1929 repetit
452 1887 531 1917 idem
551 1887 596 1917 vir
612 1888 720 1918 doctus
743 1887 818 1918 ibid.
836 1888 877 1917 T.
898 1887 945 1917 II.
964 1898 994 1928 p.
1011 1888 1084 1925 460.

237 1951 318 1980 sqq.‚
341 1939 392 1969 ubi
416 1950 507 1980 quem
534 1938 699 1969 I‘lotiniani
728 1937 797 1968 libri
827 1938 950 1968 titulum
982 1938 1083 1979 posuit

239 1994 285 2031 (p.
302 1992 404 2030 462.),
427 2002 497 2020 eum
522 2001 577 2020 nec
604 1989 698 2020 editio
723 1990 834 2019 Gra-ca
860 1989 1008 2031 agnoscit,
1030 2000 1084 2019 nec

238 2041 319 2071 ullus
339 2041 488 2072 Codicum
512 2048 703 2071 nostrorum:
731 2042 801 2071 κατὰ
825 2043 882 2071 τῶν
905 2043 1082 2080 γινωστικῶν.

238 2091 447 2133 Porphyrium
476 2103 565 2122 nemo
594 2091 689 2123 nescit
719 2091 959 2122 inimicissimum
992 2091 1084 2121 fuisse

240 2142 484 2173 Cluistianorum
514 2143 614 2180 sacris,
639 2150 668 2173 et
695 2143 752 2173 hoc
780 2143 902 2173 nomine
928 2142 1018 2173 etiam
1045 2143 1084 2173 ab

238 2193 385 2224 Ecclesia¹
406 2194 545 2235 patribus
568 2194 705 2224 certatim
728 2202 880 2224 notatum.
922 2193 997 2224 Vide
1012 2206 1084 2235 qua¹

238 2256 331 2286 supra
346 2244 427 2274 dieta
450 2252 522 2275 sunt
540 2245 578 2274 ad
595 2257 662 2287 cap.
676 2246 753 2275 VII.
772 2246 824 2275 fin.
846 2253 875 2275 et
891 2256 963 2286 quae
978 2245 1084 2286 dispu-

238 2296 371 2326 tavimus
392 2295 430 2325 ad
447 2295 532 2325 illum
553 2295 665 2326 librum
684 2296 794 2326 Plotini
812 2308 841 2338 p.
863 2307 931 2336 199.
948 2297 991 2326 A.
1015 2296 1082 2337 qui-

237 2347 296 2377 bus
323 2347 350 2376 h.
374 2346 394 2376 1.
419 2359 435 2376 e
458 2358 561 2376 recens
588 2347 676 2377 editis
700 2347 838 2377 nonnihil
862 2347 973 2377 addam
997 2347 1081 2387 quod

236 2399 421 2440 conjecturae
437 2398 549 2428 ibidem
566 2398 730 2440 propositae
748 2398 828 2428 baud
846 2397 907 2427 scio
923 2408 960 2427 an
979 2397 1080 2427 favere

237 2449 388 2480 videatur.
435 2450 556 2479 Auctor
573 2450 700 2479 Catenae
719 2449 748 2478 111
768 2448 926 2478 Danielem
944 2447 973 2477 iu
992 2448 1082 2477 Nova

238 2499 425 2531 Collectione
442 2499 589 2530 Vaticana
609 2500 637 2529 I.
661 2507 740 2541 part.
760 2509 787 2529 2.
814 2511 843 2540 p.
863 2508 911 2538 27.
929 2507 1006 2528 extr.
1030 2498 1079 2528 ed.

238 2553 277 2582 Α.
290 2551 385 2582 Maii:
412 2551 582 2590 Πορφυρίου
598 2553 649 2580 τοῦ
663 2551 888 2589 ματαιόφροιὈς.
924 2550 975 2579 Cf.
989 2549 1080 2579 etiam

238 2602 366 2633 Eusebii
396 2603 531 2632 Prooem.
562 2601 602 2632 ad
631 2602 751 2632 Canon.
785 2600 929 2631 Chronic.
961 2601 1004 2630 T.
1030 2601 1080 2631 II.

236 2667 267 2697 p.
287 2663 355 2685 222.
372 2653 420 2684 ed.
439 2652 569 2684 Mediol.
588 2653 626 2683 A.
644 2652 721 2682 Mai.
744 2659 773 2682 et
795 2651 931 2682 Zoln-ab.
950 2651 1081 2682 Basilius

238 2707 350 2736 Caesar.
371 2704 478 2746 junior
499 2703 530 2734 in
555 2703 683 2734 Sclioliis
708 2703 737 2734 in
764 2703 908 2747 Gregorii
933 2703 1079 2734 Nazianz.

1147 1731 1290 1772 pretium.
1322 1730 1466 1772 Sequenti
1485 1730 1597 1761 saeculo
1613 1730 1691 1761 alius
1703 1730 1879 1773 Adelphius
1892 1732 1994 1762 Mesa-

1147 1782 1232 1812 113111»-
1250 1782 1312 1813 sive
1328 1782 1473 1812 Eueliitis
1487 1782 1759 1824 Adelphianorum
1775 1783 1865 1813 etiam
1883 1794 1993 1813 nomen

1147 1833 1326 1875 impertivit,
1348 1834 1386 1863 de
1410 1833 1524 1875 quibus
1547 1841 1649 1863 aetum
1676 1833 1706 1863 in
1731 1833 1849 1875 synodo
1874 1833 1993 1864 Sidensi

1145 1896 1226 1915 anno
1249 1886 1320 1927 383.
1340 1898 1367 1926 p.
1404 1885 1463 1915 Ch.
1490 1886 1528 1915 N.
1559 1885 1668 1923 (l'liot.
1696 1884 1777 1915 Bibl.
1806 1884 1883 1914 (“υ(1.
1909 1885 1992 1916 LII.

1146 1948 1177 1978 p.
1196 1947 1240 1967 12.
1258 1950 1303 1978 sq.
1322 1936 1678 1975 Beklx'.)—'A)=e}dv5pov
1697 1937 1747 1965 τοῦ
1763 1936 1882 1973 Λίβυος.
1921 1936 1992 1966 Mo-

1146 1988 1280 2019 shemius
1302 2000 1372 2018 eum
1390 1987 1612 2024 Alexandrum,
1629 1987 1666 2017 de
1688 1998 1750 2028 quo
1768 1986 1885 2016 Paulus
1906 1987 1990 2028 Apo-

1104 2046 1126 2073 F
1146 2040 1241 2070 stolus
1256 2039 1456 2081 conqueritur
1476 2049 1485 2069 1
1502 2038 1586 2068 Tim.
1605 2039 1631 2068 I.
1650 2047 1699 2068 20.
1727 2047 1742 2068 2
1759 2037 1842 2067 Tim.
1858 2038 1915 2068 IV.
1930 2047 1990 2076 14.,

1146 2103 1202 2132 pro
1217 2091 1365 2121 Gnostieo
1382 2090 1541 2126 babuerat,
1558 2089 1711 2119 refutatus
1726 2100 1744 2118 a
1756 2088 1937 2119 'I'ittmanno
1952 2089 1991 2120 de

1146 2142 1279 2183 vestigiis
1300 2141 1519 2172 Gnosticorum
1543 2140 1574 2170 in
1597 2141 1636 2170 N.
1653 2140 1693 2170 T.
1712 2151 1744 2181 p.
1767 2141 1834 2177 148.
1882 2139 1990 2182 Conji-

1144 2193 1203 2224 ciat
1227 2194 1354 2223 fortasse
1376 2192 1528 2234 quispiam
1552 2191 1634 2221 hunc
1655 2190 1870 2221 Alexandrum
1893 2191 1991 2234 Liby-

1144 2256 1213 2275 eum
1232 2243 1382 2274 Valentini
1398 2243 1480 2273 illius
1495 2242 1629 2273 haeretici
1645 2241 1829 2284 discipulum
1847 2254 1922 2280 esse,
1935 2242 1989 2284 qui

1146 2295 1339 2337 Hieronymo
1362 2301 1437 2324 teste
1460 2294 1490 2324 111
1509 2293 1613 2335 Epist.
1630 2293 1668 2324 ad
1686 2293 1812 2324 Galatas
1834 2304 1986 2324 commen-

1145 2354 1227 2376 tatus
1249 2353 1313 2376 erat
1331 2353 1359 2375 et
1381 2345 1470 2386 cujus
1492 2344 1602 2387 placita
1620 2344 1835 2375 Tertullianus
1857 2344 1886 2375 in
1910 2344 1989 2375 libro

1143 2397 1290 2427 adversus
1309 2396 1538 2427 Valentinianos
1561 2408 1591 2437 p.
1611 2405 1682 2437 250.
1708 2396 1836 2438 Rigaltii
1853 2395 1988 2437 alibique

1144 2447 1261 2478 refellit.
1308 2448 1359 2477 Cf.
1383 2459 1414 2489 p.
1432 2448 1504 2477 666.
1528 2447 1575 2477 ed.
1595 2447 1705 2489 Rigalt.
1732 2447 1780 2477 De
1805 2446 1989 2477 Valentinia-

1143 2499 1189 2528 nis
1202 2499 1269 2528 vide
1285 2499 1374 2529 etiam
1392 2498 1502 2529 Jacob.
1518 2498 1733 2528 Godofredum
1751 2498 1780 2528 in
1795 2497 1871 2528 Cod.
1884 2497 1988 2528 Theo-

1143 2550 1206 2580 dos.
1224 2551 1319 2580 XVI.
1332 2560 1363 2590 5.
1382 2551 1475 2580 Tom.
1490 2550 1545 2580 VI.
1563 2561 1594 2591 p.
1611 2557 1679 2589 117.
1697 2549 1746 2580 ed.
1760 2548 1881 2579 Ritteri.
1915 2549 1986 2579 Hoc

1143 2601 1205 2631 veri
1229 2608 1273 2631 est
1294 2601 1492 2637 simillimum,
1510 2613 1525 2631 3
1545 2600 1668 2631 Plotino
1690 2600 1720 2630 in
1742 2599 1820 2630 libro
1839 2599 1986 2630 adversus

1143 2652 1304 2682 Gnostieos
1327 2652 1416 2682 etiam
1441 2651 1668 2682 Valentinianos
1691 2651 1888 2692 impugnatos
1909 2662 1985 2681 esse.

1144 2703 1214 2734 Vid.
1231 2703 1469 2745 disputationem
1488 2711 1622 2734 nostram
1637 2702 1677 2733 ad
1692 2702 1759 2744 ejus
1773 2701 1841 2732 libri
1864 2701 1985 2733 initium
