2201 2990
214 185 294 224 594

214 269 360 300 facultate
369 270 478 300 animae
490 270 569 300 actio
579 269 619 300 ad
630 269 806 312 generanda
816 277 847 301 et
858 269 1054 312 imaginanda

214 312 383 351 mundana,
399 312 440 343 ob
455 312 642 343 debilitatem
664 324 724 343 non
745 312 835 343 simul
850 320 913 344 tota
934 324 1008 355 pera
1031 312 1054 342 i-

215 363 276 393 tur,
301 355 352 386 sed
373 355 526 397 gradatim
550 356 643 386 modo
666 355 725 386 alia
747 355 855 393 oritur,
881 356 974 386 modo
1027 356 1055 386 ia

215 398 355 429 ordinata
378 399 515 440 quidem,
536 399 589 430 sed
612 398 774 436 dissimilis,
795 406 888 441 atque
911 409 993 429 nunc
1015 398 1054 428 ad

215 441 281 472 haec
291 441 438 473 vertitur:
454 453 535 473 nunc
551 442 590 472 ad
602 441 652 472 illa
669 442 837 472 secundum
854 441 940 484 prius
954 447 1054 483 poste-

215 485 316 515 riusve
346 485 524 527 procedens.
570 485 728 516 Processio
755 484 882 527 quidem
911 484 1055 525 deinceps

218 527 384 558 secundum
412 528 528 570 gradus
553 527 715 570 ejusmodi,
740 535 842 558 motus
869 534 933 557 est:
960 526 1055 557 conti-

217 571 318 602 nuitas
340 578 443 602 autem
459 578 489 602 et
512 571 673 613 longitudo
687 569 885 613 processionis
906 576 952 599 est
974 576 1053 599 tem-

217 625 284 656 pus.
308 615 380 644 Jam
399 626 480 651 vero,
498 615 520 644 si
537 626 600 656 qua
614 613 730 644 ratione
744 612 906 654 longitudo
920 611 1055 653 corporis

216 657 255 687 ab
270 657 336 699 ipso
351 668 477 699 corpore
497 657 611 694 differt,
628 656 733 687 eadem
756 655 859 686 differt
881 662 911 684 et
933 661 1055 696 tempus

215 711 234 730 a
255 707 351 730 motu.
398 701 466 730 Lon
492 700 590 737 itudo,
616 699 753 741 inquam,
781 697 923 728 motionis
946 708 964 727 a
991 708 1054 727 mo-

216 742 308 773 tione.
324 743 410 784 atqui
426 750 456 774 et
482 754 537 774 iaec
552 743 617 785 ipsa
632 740 794 783 longitudo
809 740 851 770 ita
867 751 898 770 se
913 739 952 770 ad
968 747 1054 770 aeter-

215 785 341 816 nitatem
358 785 461 824 habet,
478 786 555 816 sicut
570 786 648 815 linea
664 796 694 814 sc
710 783 802 814 habet
822 782 861 813 ad
883 790 1051 824 punctum:

214 828 383 870 praesertim
411 829 433 859 si
458 829 572 870 fingere
597 827 696 864 liccat,
721 838 759 856 ex
784 825 919 867 quodam
946 826 1052 866 puncti

214 879 300 902 motu
328 871 491 913 procedere
521 871 640 907 lineam,
670 876 884 911 punctumque
913 868 1052 910 produci.

216 915 313 945 Putat
328 926 400 945 vero
416 914 568 951 Plotium,
590 913 669 943 sicut
691 924 728 942 cx
753 912 867 942 virtute
889 911 1053 953 cujuslibet

215 957 324 989 animae
340 969 396 988 suo
411 957 597 999 quandoque
613 955 717 986 semini
735 954 825 985 insita
840 954 971 997 pullulat
986 966 1050 985 cor-

351 172 573 211 ARGUM.
595 172 825 211 MARSIL.
848 171 952 212 FIC.
974 171 1038 211 IN
1060 171 1170 211 LIB.
1186 171 1284 211 VII.
1306 170 1563 211 ENNEAD.
1585 171 1837 211 TERTIAE.

1096 281 1156 311 pus
1171 269 1329 312 proprium
1343 281 1348 299 :
1375 268 1415 298 sie
1429 279 1467 298 ex
1483 268 1614 299 naturali
1637 268 1746 300 animae
1769 269 1934 301 mundanae

1119 312 1244 350 mentia,
1267 312 1350 342 intus
1372 310 1493 342 afflante
1515 311 1684 349 materiam,
1700 323 1812 354 eorpus
1833 312 1935 354 pullu-

1097 324 1160 386 line
1181 355 1385 392 mundanum,
1400 353 1494 396 idque
1516 353 1547 384 in
1569 354 1670 385 anima
1691 354 1776 386 velut
1799 355 1933 396 quodam

1097 398 1206 429 mundi
1217 397 1283 429 loco
1295 397 1441 428 contineri
1454 396 1592 438 regique,
1604 404 1634 428 et
1649 398 1764 428 moveri
1779 398 1818 428 ad
1833 398 1933 440 ipsum

1097 441 1207 472 animae
1222 448 1353 479 motum,
1365 439 1542 481 moverique
1557 440 1775 482 temporaliter,
1785 441 1935 483 certisque

1098 491 1271 526 temporum
1294 483 1461 514 intervallis
1475 482 1514 513 ad
1531 490 1653 525 tempus
1667 483 1767 524 ipsum
1782 483 1934 521 motionis,

1098 538 1170 568 quae
1184 527 1220 557 fit
1234 526 1265 557 in
1281 527 1392 563 anima,
1409 533 1439 557 et
1457 525 1496 556 ad
1511 533 1593 556 certa
1615 525 1695 556 illius
1718 527 1863 568 temporis
1886 527 1933 557 in-

1098 569 1242 600 tervalla:
1267 569 1416 611 siquidem
1441 569 1541 599 anima
1564 568 1615 598 illa
1641 580 1695 610 per
1719 569 1860 599 intimum
1888 570 1933 600 sui

1098 619 1216 642 motum
1228 613 1342 643 creavit
1356 612 1386 642 in
1403 624 1433 642 se
1448 612 1513 654 ipsa
1528 619 1661 652 tempus,
1672 619 1703 642 et
1715 623 1776 642 una
1791 623 1862 642 cum
1877 612 1934 643 hoc

1098 663 1185 685 motu
1211 655 1300 685 simul
1326 662 1356 685 et
1382 663 1519 697 tempore
1548 654 1696 696 produxit
1725 654 1877 685 mundum
1904 656 1933 686 in

1098 704 1234 739 tempore
1256 698 1410 728 mobilem.
1457 699 1549 728 Unus
1565 709 1636 728 vero
1651 706 1696 728 cst
1714 697 1821 728 mundi
1837 697 1932 735 locus,

1097 739 1199 771 anima
1220 740 1345 771 mundi:
1371 752 1468 771 unum
1484 748 1514 771 et
1534 741 1650 782 ubique
1673 747 1813 782 tempus:
1839 740 1934 782 siqui—

1097 782 1168 813 dem
1188 791 1218 813 et
1240 783 1340 813 anima
1362 784 1427 814 haec
1450 791 1569 814 motum
1588 791 1707 814 exercet
1729 783 1844 825 ubique
1859 784 1934 814 vita-

1096 825 1168 863 lem,
1185 826 1237 856 sed
1261 826 1377 868 regitur
1396 827 1511 857 interea
1533 834 1634 857 motus
1656 826 1781 868 quidem
1806 826 1934 857 munda-

1097 879 1154 898 nus
1170 868 1209 899 ab
1225 868 1291 910 ipso
1306 869 1415 899 animae
1431 881 1494 900 suae
1509 878 1613 900 motu:
1638 869 1686 899 hic
1710 877 1810 900 autem
1833 869 1871 900 ab
1886 870 1932 899 in-

1097 910 1218 942 tellectu
1234 912 1360 953 proprio
1374 919 1403 942 et
1418 919 1550 943 aeterno:
1576 912 1625 942 ille
1641 913 1763 943 tandem
1787 912 1825 943 ab
1844 913 1930 943 intel-

1096 954 1175 985 lectu
1192 954 1297 985 divino
1312 954 1472 997 primaque
1487 955 1582 997 ipsius
1597 955 1774 986 aeternitate.
