2201 2990
232 168 323 200 cxviii

774 164 1147 196 ANNOTATIONES
1172 164 1223 194 IN
1247 163 1445 195 PLOTINI

230 254 247 293 ἢ
263 254 419 293 πλευρίτις,
436 251 452 290 ἢ
467 252 695 292 περιπνευμονίαι
710 250 900 291 ἀνάρπαστον
917 252 947 289 ἐξ
964 251 1073 291 ἀνθρώ·
1094 252 1121 278 Α
1138 249 1286 288 ἀλλήλους
1307 249 1340 280 τὸ
1360 247 1550 288 παρηγμένον
1569 248 1663 279 αὐτῶν
1679 250 1728 286 τῆς
1749 249 1831 287 δόξης
1852 248 1908 289 οὐχ
1922 248 1982 287 ἤκι-

231 318 295 336 πων
319 304 475 344 ἀπάγουσα
498 303 550 334 τὸν
576 304 730 342 ἄνθρωπον
754 304 876 342 οἴχεται,
901 305 1001 333 πᾶσαν
1025 302 1078 340 τὴν

233 355 293 386 κατ’
319 355 407 386 αὐτὸν
431 354 542 393 σκηνὴν
567 355 702 392 ἐξαπίνης
726 354 967 393 ἆπογυμνώσασα
992 353 1038 384 καὶ
1061 354 1078 391 ἡ

232 406 303 445 δόξα
330 406 425 444 ἐκείνη
452 406 552 444 ὤσπερ
581 403 719 435 ἐνύπνιον
749 404 933 444 ἆπηλέῃθη.
978 406 1078 442 Quem

231 457 332 488 locum
349 468 524 499 comparare
541 456 689 486 debebam
707 467 776 486 cum
794 455 947 486 simillimo
964 455 1079 486 Plotini

234 510 303 540 III.
321 519 349 539 2.
370 518 415 549 15.
440 520 471 550 p.
491 508 561 538 266.
581 508 618 537 C.
651 507 707 537 Cr.

275 572 306 602 p.
324 559 418 590 lxviii.
435 566 457 588 e·
480 560 530 590 τὰς
553 558 782 596 συλλογιστικῖις
801 556 1024 595 ἀνάγκας-τὰς
1046 558 1079 587 ἐν

1139 314 1206 331 στα.
1257 299 1466 331 Ruhnkenius
1492 306 1656 342 postquam
1683 299 1779 331 nostri
1805 299 1863 330 loci
1889 311 1982 341 argu-

1140 358 1277 382 mentum
1293 350 1455 393 proposuit
1468 350 1511 389 (in
1525 362 1589 393 quo
1603 351 1698 382 miror
1710 351 1810 382 virum
1828 362 1983 382 summum

1140 416 1156 434 e
1173 403 1285 433 Timaei
1308 402 1374 433 loco
1397 401 1577 432 medicinam
1601 413 1710 444 parare
1732 402 1907 445 Porphyrio
1931 413 1984 432 ne-

1139 454 1280 496 glexisse,
1293 454 1345 485 sed
1361 454 1394 484 τὸ
1410 455 1504 492 νόημα
1518 453 1678 484 retinuisse
1695 465 1750 495 pro
1765 454 1797 485 τὸ
1814 454 1919 493 νοητὸν
1937 452 1982 484 vel

1140 506 1243 548 potius
1258 508 1294 537 τὰ
1311 507 1413 545 νοητὰ)
1431 505 1472 536 ita
1493 504 1612 547 pergit:
1639 509 1659 523 “
1674 505 1733 536 Illa
1750 505 1912 536 Palinodia
1934 504 1984 535 hic

1139 557 1259 588 laudari
1287 557 1417 588 videtur.
1468 557 1580 598 Neque
1606 556 1772 598 quicquam
1800 567 1900 587 causae
1926 562 1982 594 est,

231 613 270 653 τῷ
293 610 373 652 λόγῳ
391 609 646 650 λαμβανομένας]
672 612 692 626 “
705 607 921 638 Nobilissimus
940 607 985 638 vir
1006 608 1078 638 Die-
1095 613 1119 640 B
1140 619 1236 649 quare
1259 608 1324 639 haec
1347 607 1459 650 scripta
1481 619 1552 638 cum
1577 607 1653 638 Luc.
1670 607 1835 638 Holstenio
1857 607 1896 638 de
1912 607 1984 638 Vita

232 663 343 693 tericus
359 660 525 696 Doblerus,
541 658 799 700 Ilamburgensis,
814 670 882 688 cum
903 659 1078 700 Interprete

233 713 368 755 [sucino.
392 712 444 754 qui
469 712 597 741 latentes
622 710 725 751 vertit]
751 709 872 749 legebat
895 709 1078 747 λανθανομέ-

232 765 311 797 νας.”
336 764 462 794 Fabric.
499 761 760 800 “λαμβανομέιάς
784 771 902 790 sanum.
929 763 1076 790 λανθανο-

230 815 320 854 μένας
342 826 393 856 ap.
410 815 436 844 F
439 813 530 844 abric.
554 812 583 842 in
606 819 679 842 nota
699 823 758 842 non
777 811 953 842 Graecumff’
982 812 1075 853 Wgstt.

234 866 321 896 Plato
338 866 417 906 ch.
438 865 473 894 V.
494 875 524 905 p.
541 864 615 903 458.
637 874 666 904 p.
687 873 758 904 233.
777 862 890 893 Remu:
916 863 949 892 οὐ
965 875 1076 902 γεωμε-

229 920 345 956 τρικαῖς,
363 915 430 946 cim*
448 917 594 954 ἐρωτικαῖς
617 913 766 953 ἀνάγκαις.
805 913 1021 956 Olympiodor.
1045 913 1075 943 in

1139 659 1305 701 Porphyrii
1329 671 1354 690 c.
1373 660 1416 690 X.
1441 671 1473 702 p.
1492 660 1563 700 269.
1590 659 1637 690 vel
1666 670 1830 701 suppressa
1851 659 1891 690 ab
1916 659 1984 701 ipso

1138 716 1273 748 auctore,
1289 710 1335 740 vc]
1355 722 1415 742 una
1431 722 1500 741 cum
1520 723 1556 741 eo
1572 710 1695 753 periisse
1711 718 1864 752 putemus.
1904 711 1983 741 Por-

1136 761 1246 803 phyrii
1273 761 1376 799 verba,
1403 769 1433 792 et
1461 762 1569 793 mutila
1595 770 1625 793 ct
1651 770 1809 804 corrupta,
1836 761 1878 792 sic
1904 761 1982 792 inte-

1139 811 1258 853 granda
1279 812 1439 843 videntur:
1465 813 1664 854 διενεχθέντες
1687 815 1717 844 δὲ
1741 813 1812 852 πρὸς
1834 813 1984 851 ἀλλήλους

1138 864 1185 893 διὰ
1199 863 1232 893 τὸ
1248 864 1499 903 παρηλλαγμένον
1513 865 1607 895 αὐτῶν
1623 867 1673 903 τῆς
1689 866 1771 903 δόξης
1791 865 1846 904 οὐχ
1866 864 1980 902 ἥκιστα.

1138 915 1295 945 Caeterum
1319 915 1349 945 in
1373 916 1460 957 praes.
1484 915 1774 952 demonstravimus,
1799 915 1881 946 hunc
1905 915 1982 946 Por-

230 968 301 999 Alc.
320 979 365 1009 pr.
383 979 415 1009 p.
434 976 502 996 102.
528 968 736 1005 γραμματικαῖς
751 965 901 1005 ἀνάγκαις.
933 964 982 995 Cf.
1000 964 1073 995 ibid.
1093 972 1117 1000 C
1134 965 1245 1007 phyrii
1269 965 1370 996 locum
1394 977 1454 996 non
1473 978 1491 997 a
1508 967 1629 998 Timaeo
1652 980 1715 998 csse
1738 967 1877 1004 allatum,
1895 965 1945 997 sed
1965 977 1983 997 a

229 1031 260 1061 p.
281 1029 351 1049 112.
375 1029 444 1048 cum
469 1024 573 1047 annot.
602 1024 631 1046 ot
654 1016 694 1046 cf.
719 1016 830 1047 Plotin.
852 1017 898 1046 II.
922 1025 950 1046 2.
971 1025 998 1046 2.
1023 1016 1075 1046 ubi

228 1079 272 1101 est
289 1070 410 1110 φυσικαὶ
426 1068 562 1107 ἀνάγκαι,
580 1067 716 1109 itemque
734 1069 802 1099 III.
822 1078 849 1099 2.
871 1078 916 1098 11.
953 1068 1004 1098 Cr.

271 1134 302 1164 p.
324 1120 419 1151 lxviii.
440 1120 458 1149 s.
488 1119 543 1150 Διὸ
572 1120 618 1149 καὶ
643 1118 828 1159 ἀντιγράψας
854 1119 1072 1159 προσήγαγον,]

229 1177 249 1191 “
264 1174 350 1203 Fort.
368 1171 577 1210 ἀντιγρα([)άς.”
608 1171 699 1211 Πῖιγίί.
745 1172 845 1207 Quam
863 1170 1021 1200 lectionem
1044 1170 1073 1200 in

227 1223 364 1254 ordinem
389 1222 579 1264 recepissem,
598 1222 621 1252 si
638 1221 684 1251 vcl
708 1233 787 1252 unus
807 1221 884 1251 liber
898 1232 963 1252 cam
988 1221 1073 1251 cxlii-

227 1275 352 1305 buissct.
401 1273 431 1303 Si
453 1273 664 1303 Durnistadini
687 1272 766 1303 (lod.
785 1273 942 1303 lectionem
965 1284 1074 1314 sequa-

1137 1017 1276 1047 studioso
1301 1017 1435 1059 quodam
1464 1017 1576 1048 lectore
1604 1019 1738 1061 primuni
1771 1017 1901 1060 margini
1926 1017 1980 1048 ad-

1137 1068 1297 1110 scriptum,
1323 1079 1405 1107 mOX,
1426 1077 1462 1099 ut
1484 1069 1548 1099 fieri
1573 1069 1659 1108 solet,
1684 1070 1714 1100 in
1740 1077 1860 1101 textum
1883 1069 1980 1112 irrep-

1137 1119 1243 1150 sisse.”

1180 1182 1210 1213 p.
1229 1171 1323 1201 lxviii.
1341 1170 1355 1200 i.
1379 1171 1415 1201 τά
1436 1184 1466 1202 τε
1488 1172 1829 1212 βιβλία-ἐπιστεύθην]
1856 1176 1877 1190 “
1891 1171 1980 1202 Idem

1135 1222 1281 1264 loquendi
1303 1234 1402 1264 genus
1426 1223 1518 1253 Rom.
1538 1223 1606 1253 III.
1628 1232 1665 1253 2:
1698 1224 1742 1253 ὅτι
1766 1223 1982 1260 ἐπιστεύθησαν

1135 1276 1171 1304 τὰ
1193 1275 1282 1313 λόγια
1304 1276 1356 1303 τοῦ
1378 1276 1455 1304 θεοῦ.
1503 1273 1671 1304 Erotianus
1695 1273 1757 1303 sive
1782 1273 1982 1304 Herodianus

227 1326 278 1363 ris,
296 1325 374 1356 tucri
398 1324 494 1367 possis
511 1324 665 1365 vulgatam
688 1324 729 1354 ita
750 1331 781 1354 ut
798 1324 943 1365 accipias:
969 1331 1074 1353 contra
1092 1329 1118 1355 D
1136 1326 1222 1367 praef.
1242 1324 1347 1355 Lexici
1366 1324 1600 1367 Hippocratici:
1626 1326 1656 1356 αἱ
1678 1324 1907 1363 πεπιστευμέναι
1928 1324 1981 1363 τὴν

228 1377 385 1408 Plotinum
411 1376 517 1418 scripsi
541 1385 571 1407 ct
588 1387 767 1418 progressus
791 1387 869 1412 sum,
888 1374 1030 1404 nimirum
1051 1374 1073 1404 si

226 1429 368 1468 προάγειν
392 1427 569 1458 neutraliter
593 1438 706 1463 sumas,
731 1426 760 1457 h.
779 1439 805 1457 c.
825 1426 983 1457 consilium
1008 1426 1074 1468 cepi

226 1488 332 1510 contra
347 1478 508 1509 scribendo
525 1490 586 1508 rcm
604 1477 642 1508 ad
660 1478 776 1508 exitum
794 1477 993 1520 perducendi.
1020 1479 1073 1508 Cr.

227 1532 305 1561 Mox
319 1532 363 1560 ὅτι
377 1529 508 1568 ἕξω-τὸ
524 1529 624 1568 νόημα.
651 1534 670 1547 “
684 1530 801 1559 Contra
814 1529 926 1559 l‘lotiui
939 1530 1021 1559 Eun.
1036 1530 1073 1560 V.

225 1593 254 1623 5.
276 1583 366 1623 cujus
382 1581 491 1611 titulus
507 1581 550 1611 ὅτι
567 1581 617 1611 οὐκ
634 1581 686 1619 ἔξω
703 1582 754 1610 τοῦ
771 1583 821 1610 ιὀῦ
837 1582 872 1611 τὰ
889 1581 986 1619 νοητά.
1028 1582 1073 1611 At

225 1633 304 1664 cnim
324 1632 490 1674 Porphyrii
514 1632 565 1662 illa
587 1639 617 1662 et
634 1631 749 1662 Amulii
765 1631 912 1661 adversus
929 1632 1071 1674 Porphy-

1137 1377 1292 1416 ἑρμηνείαν
1315 1376 1420 1414 λέξεις.
1467 1376 1622 1419 I'orphyr.
1648 1376 1686 1406 de
1710 1375 1835 1406 Abstin.
1863 1375 1903 1406 ab
1926 1386 1980 1406 esu

1135 1427 1282 1458 animant.
1303 1428 1361 1458 IV.
1384 1439 1414 1469 p.
1432 1437 1514 1469 359:
1541 1429 1569 1458 οἱ
1591 1428 1644 1466 τὴν
1660 1427 1818 1466 εὐσέβειαν
1836 1428 1978 1467 (πόλεων)

1136 1479 1188 1516 τὴν
1203 1479 1275 1518 πρὸς
1289 1479 1354 1510 τοὺς
1370 1479 1452 1510 θεοὺς
1469 1479 1723 1517 πεπιστευμένοι.”
1747 1479 1874 1509 Fabric.
1929 1478 1978 1509 Cf.

1137 1529 1253 1560 Rhocr.
1269 1529 1307 1560 ad
1326 1529 1493 1572 Porphyrii
1510 1530 1529 1560 l.
1544 1530 1564 1560 l.
1582 1542 1612 1572 p.
1625 1532 1697 1571 308.
1715 1539 1745 1560 et
1763 1530 1802 1560 ab
1817 1541 1853 1560 eo
1869 1529 1978 1560 lauda-

1136 1589 1201 1611 tum
1219 1580 1404 1621 U'csscling.
1428 1580 1466 1611 ad
1492 1581 1623 1611 Diodor.
1643 1582 1744 1611 XIX.
1760 1581 1813 1623 58.
1831 1592 1876 1622 sq.
1899 1580 1981 1611 adde

1135 1632 1265 1662 cundem
1285 1632 1324 1662 ad
1343 1632 1421 1662 VII.
1441 1643 1470 1672 p.
1484 1641 1558 1673 457.
1590 1631 1798 1663 Valckenacrii
1817 1631 1929 1662 Scholl.
1948 1631 1978 1662 in

225 1685 303 1715 rium
328 1684 440 1725 scripta
464 1692 491 1714 ct
513 1683 673 1725 Porphyrii
692 1683 865 1713 retractatio
876 1683 940 1724 jzun
958 1683 1010 1713 ‹liu
1028 1691 1072 1714 est
1091 1691 1115 1718 E
1137 1684 1177 1714 N.
1191 1685 1230 1714 T.
1248 1683 1287 1714 ad
1308 1693 1315 1713 1
1335 1684 1406 1714 Cor.
1426 1684 1492 1714 IX.
1510 1694 1556 1722 17.
1587 1684 1635 1714 ΙΙ.
1653 1695 1681 1725 p.
1701 1693 1769 1722 244.
1794 1690 1823 1713 ct
1848 1683 1976 1724 Borger.

224 1736 307 1778 quod
324 1735 576 1766 intercidci·unt.”
600 1734 726 1765 Faltre'c.
767 1735 838 1775 Ego
854 1746 891 1764 cx
909 1734 965 1764 hoc
982 1734 1072 1764 titulo

223 1786 294 1817 item
319 1799 334 1817 c
358 1786 442 1816 libris
460 1793 595 1827 quatuor
615 1793 645 1816 ct
667 1797 703 1815 cx
720 1785 829 1815 'sinnii
852 1786 930 1816 ch.
950 1786 1068 1816 l’laton.

223 1850 252 1880 p.
273 1847 343 1868 201.
375 1849 444 1868 cum
473 1837 580 1867 Ficino
608 1837 691 1867 hunc
722 1836 820 1867 locuni
849 1837 1007 1867 emendavi
1035 1839 1071 1867 τὰ

224 1892 313 1928 νοητὰ
330 1901 386 1932 pro
402 1889 434 1919 τὸ
452 1888 554 1927 νόημα.
589 1890 642 1919 Cr.

265 1953 297 1983 p.
315 1941 408 1971 lxviii.
426 1948 450 1971 H.
476 1941 522 1970 καὶ
539 1940 643 1980 πάλιν]
670 1939 761 1977 Quod
779 1939 895 1981 aliquot
913 1938 981 1968 libri
997 1939 1070 1969 offc-

224 1999 296 2023 runt
321 1993 366 2023 καὶ
390 1993 425 2023 αὖ
448 1992 694 2026 mmuv,s01·tassc
718 2002 835 2021 verum.
882 1991 974 2021 Certe
992 1991 1068 2020 Por-

223 2043 353 2085 phyrius
373 2043 445 2073 alibi
463 2043 554 2073 πάλιν
574 2043 609 2073 αὖ
633 2050 771 2083 usurpat.

224 2103 305 2125 nont.
329 2095 397 2124 III.
422 2104 471 2125 22.
498 2106 527 2136 p.
554 2094 624 2124 268.
649 2101 679 2124 ct
706 2094 753 2124 II.
770 2104 820 2132 40.
847 2105 878 2135 p.
900 2102 967 2132 179.
994 2092 1067 2134 ibiq.

224 2145 342 2175 Rhoer.

224 2197 304 2227 Nam
323 2196 371 2226 hie
389 2196 490 2226 ubivis
506 2197 568 2226 fere
586 2196 720 2238 pleniore
737 2197 792 2227 hnc
810 2195 942 2226 formula
958 2195 1065 2226 utitur.

224 2248 302 2277 Mox
319 2248 357 2277 nd
375 2249 406 2277 ἐκ
422 2248 525 2286 τρίτων
541 2248 581 2278 cf.
596 2249 719 2278 Platon.
739 2249 879 2290 Sympos.
898 2259 926 2289 p.
947 2257 1017 2288 213.
1035 2247 1065 2277 b.

222 2306 252 2329 et
270 2298 399 2328 Heinds.
417 2298 455 2328 ad
474 2299 573 2339 Gorg.
592 2300 619 2338 ξ.
638 2308 706 2339 109.
725 2311 753 2340 p.
771 2300 838 2329 181.
854 2312 898 2340 sq.
925 2300 981 2329 Cr.

266 2361 294 2391 p.
312 2348 407 2378 lxviii.
425 2349 452 2378 ὓ.
474 2349 647 2387 μετεθέμην,
666 2351 712 2380 καὶ
734 2351 916 2390 παλινῳδίαν
931 2349 1063 2389 γράψας]

392 2146 429 2175 In
457 2145 580 2175 l‘lotiuo
608 2145 690 2175 haud
716 2153 896 2175 cunctanter
922 2144 1066 2175 fecissem.

819 2042 887 2072 Yid.
904 2042 942 2072 de
960 2041 1068 2072 Absti-
1091 2047 1112 2073 F

1133 1735 1171 1765 ad
1190 1735 1294 1766 Galat.
1312 1735 1358 1765 II.
1378 1744 1406 1774 7.
1432 1746 1459 1776 p.
1482 1744 1548 1775 129.
1597 1736 1633 1765 ln
1659 1734 1813 1777 plerisque
1837 1734 1883 1764 his
1905 1733 1979 1764 locis

1133 1786 1172 1816 de
1192 1786 1227 1816 iis
1248 1786 1371 1823 (licitur,
1387 1797 1519 1827 quorum
1546 1786 1615 1816 litlci
1639 1785 1754 1827 aliquid
1772 1784 1976 1816 concreditur.

1134 1838 1182 1868 Ad
1200 1838 1339 1880 proxima
1354 1838 1391 1868 cf.
1409 1845 1513 1868 annot.
1529 1844 1621 1868 nostr.
1637 1837 1666 1867 in
1683 1836 1796 1868 Plotin.
1814 1846 1926 1878 p.410.
1939 1836 1976 1867 A.

1137 1891 1189 1919 Cr.

1175 1952 1206 1982 p.
1223 1939 1319 1970 lxviii.
1336 1939 1361 1970 k.
1384 1941 1435 1970 τοῦ
1451 1941 1605 1979 διαρθροῦν
1621 1940 1667 1969 καὶ
1682 1941 1729 1969 διὰ
1743 1940 1890 1969 πλειόνων
1906 1938 1976 1978 γρά-

1132 1996 1201 2031 φειν
1213 1993 1247 2021 τὰ
1260 1991 1425 2031 δοκοῦντα]
1446 1991 1495 2021 Dc
1505 1990 1652 2032 Apolline
1667 1990 1755 2020 Plato
1768 1990 1796 2020 iu
1812 1989 1976 2031 Symposio

1131 2054 1162 2085 p.
1183 2053 1248 2082 ¹9¹·
1265 2054 1291 2073 a.
1318 2054 1348 2084 p.
1366 2053 1440 2080 404.
1459 2041 1580 2072 Bukk:
1605 2043 1641 2072 τὰ
1664 2041 1755 2079 στήθη
1779 2041 1920 2080 διήρθρου.
1945 2048 1974 2071 et

1131 2094 1255 2136 proprio
1282 2093 1395 2123 dicitur
1421 2092 1504 2134 apud
1533 2092 1666 2123 medicos
1695 2092 1733 2122 (le
1763 2091 1975 2122 articulatione

1130 2145 1265 2187 corporis
1280 2144 1417 2174 humani.
1458 2143 1526 2174 Vid.
1545 2144 1669 2174 Kuster.
1687 2143 1724 2173 nd
1745 2143 1831 2174 Suid.
1849 2143 1878 2173 in
1895 2145 1972 2183 διηρ-

1130 2196 1280 2235 θρωμένον
1294 2195 1332 2225 ad
1350 2195 1443 2225 verba
1459 2195 1593 2236 Eunapii
1620 2196 1674 2233 (cf.
1701 2195 1793 2235 hujus
1816 2195 1916 2236 fragg.

1129 2257 1200 2287 5¹2·
1220 2247 1330 2286 Boiss.)
1351 2246 1441 2276 Plato
1458 2246 1582 2276 Phaedr.
1601 2258 1632 2287 p.
1647 2255 1717 2287 253.
1735 2246 1753 2276 d
1769 2259 1775 2276 :
1801 2245 1833 2276 τὸ
1850 2246 1880 2276 δὲ
1898 2245 1974 2277 εἶδος

1129 2298 1214 2337 ὀρθὸς
1237 2298 1282 2328 καὶ
1305 2297 1524 2336 διηρθρωμένος,
1549 2297 1638 2338 cujus
1663 2296 1848 2327 contrarium
1873 2303 1918 2326 est
1940 2295 1971 2326 in

1130 2349 1347 2390 sequentibus:
1374 2350 1434 2386 εἰκῆ
1457 2348 1731 2387 συμπεφορημένος.
1759 2348 1813 2389 (cf.
1840 2346 1968 2378 Heindf.

222 2401 443 2431 Μετατίθεσθαι
458 2399 662 2430 Platonicum.
688 2401 755 2431 Vid.
771 2400 903 2431 Hcindf.
915 2401 954 2430 ad
967 2400 1064 2441 Gorg.
1085 2408 1111 2435 G
1128 2411 1160 2442 p.
1176 2402 1261 2441 273.)
1281 2399 1429 2441 Porphyr.
1447 2399 1476 2429 in
1495 2399 1597 2441 Epist.
1613 2400 1652 2430 ad
1669 2399 1846 2430 Marcellam
1865 2399 1905 2428 X.
1921 2407 1970 2429 22.

223 2454 251 2492 ξ.
275 2461 344 2492 105.
369 2463 399 2493 p.
422 2452 491 2482 160.
508 2463 554 2492 sq.
577 2459 607 2482 et
630 2451 669 2482 de
692 2451 841 2481 similibus
857 2451 957 2481 verbis
975 2450 1064 2481 Stall-

221 2503 326 2533 baum.
344 2502 382 2532 ad
400 2502 622 2544 Euthyphron.
643 2504 672 2542 ξ.
688 2513 717 2543 9.
734 2514 763 2545 p.
778 2504 829 2533 60.
848 2514 893 2544 sq.
917 2502 957 2532 cf.
975 2501 1065 2532 ctiam

222 2553 336 2584 Plotin.
356 2554 425 2583 III.
444 2563 470 2583 2.
488 2563 532 2593 13.
560 2554 617 2583 IV.
633 2564 661 2592 4.
680 2563 731 2594 45.
757 2554 812 2584 Cr.
880 2552 1019 2583 Timaeus
1034 2552 1065 2582 in

222 2605 302 2635 Lex.
330 2603 449 2634 Platon.
477 2616 508 2646 p.
534 2613 605 2635 201.
637 2604 683 2634 ed.
710 2603 881 2635 Ruhnken.
910 2603 982 2634 alt.:
1012 2604 1067 2644 οὐχ

221 2657 335 2693 ἥκιστα·
361 2655 447 2686 πάνυ.
472 2656 509 2687 ὡς
524 2656 694 2695 Πορφύριος
717 2657 749 2686 ἐν
765 2658 803 2697 τῷ
827 2655 898 2695 πρὸς
921 2655 986 2687 τοὺς
1008 2655 1065 2685 ἀπὸ

221 2709 271 2737 τοῦ
287 2708 338 2737 νοῦ
352 2707 528 2747 χωρίζοντας
545 2706 577 2737 τὸ
595 2708 708 2746 νοητόν·
733 2707 935 2747 διενεχθέντας
950 2707 980 2737 δὲ
995 2707 1066 2746 πρὸς

1129 2450 1268 2490 συνάγοις
1284 2449 1306 2480 δ’
1322 2450 1358 2480 ἂν
1374 2451 1420 2480 καὶ
1438 2451 1539 2487 ἑνίζοις
1554 2452 1604 2483 τὰς
1620 2452 1764 2490 ἐμφύτους
1780 2450 1905 2487 ἐννοίας,
1923 2450 1971 2480 καὶ

1128 2504 1282 2540 διαρθροῦν
1298 2501 1527 2542 συγκεχυμένας,
1546 2503 1592 2533 καὶ
1616 2503 1655 2534 εἷς
1677 2505 1738 2540 φῶς
1763 2502 1859 2532 ἕλκειν
1883 2502 1968 2531 ἐσκο-

1127 2552 1266 2590 rto-uiua?
1282 2553 1453 2591 πειρωμέιή,
1472 2553 1516 2583 uti
1534 2565 1589 2594 pro
1609 2552 1643 2583 δι’
1661 2554 1785 2592 ἀρθροῦν
1801 2551 1859 2593 legi
1875 2551 1968 2593 jussit

1126 2604 1247 2635 Jacobs.
1273 2604 1313 2634 ad
1340 2604 1513 2635 Philostrati
1541 2605 1662 2646 Imagg.
1686 2615 1716 2645 p.
1733 2604 1806 2644 581.
1833 2611 1863 2633 et
1885 2602 1969 2644 typis

1126 2654 1361 2685 describendum
1374 2655 1493 2686 curavit
1507 2655 1640 2686 Orellius
1655 2656 1800 2696 (Opuscc.
1813 2654 1966 2684 Graecorr.

1127 2714 1271 2737 sententt.
1289 2707 1332 2746 I.)
1358 2719 1387 2749 p.
1406 2716 1477 2748 292.
1511 2705 1670 2738 Plutarch.
1695 2705 1901 2747 Symposiacc.
1919 2705 1966 2735 II.
