2201 2990
244 155 324 204 436

241 260 315 280 vero
330 249 485 292 graduum
505 249 650 281 bonitatis
670 250 872 299 productione
894 251 1007 283 malum
1027 263 1082 294 po-

243 300 356 323 stremo
382 292 548 331 suboritur,
572 293 625 324 ubi
645 294 762 336 ahquid
781 294 827 325 vel
848 307 866 325 a
888 295 969 326 bono
991 295 1082 325 etiam

244 336 369 378 proprio
389 336 454 378 jam
476 335 587 373 deficit,
609 336 656 367 vel
680 337 808 368 deficere
830 346 939 380 potest.
986 337 1017 368 Si
1038 338 1084 368 di-

244 378 324 409 vinae
350 378 550 421 providentiae
574 379 694 411 bonitas
721 391 781 411 non
809 380 887 411 tollit
913 380 1038 418 malum,
1061 381 1085 411 si

245 421 382 463 ejusdem
410 421 487 452 ratio
516 433 577 452 non
606 423 708 464 perdit
736 435 851 461 casum,
878 431 959 454 certe
985 434 1085 465 neque

246 464 368 495 libertas
383 465 449 507 ejus
470 465 556 495 nobis
571 465 672 496 aufert
694 465 876 503 libertatem,
893 466 954 496 imo
974 465 998 495 si
1018 477 1087 507 pro-

246 507 382 538 videntia
401 507 480 550 regit
494 507 604 546 fatum,
621 520 681 539 non
705 508 772 539 vult
791 508 861 539 fatis
882 508 950 550 cogi
970 508 1087 539 animos

245 550 283 581 ad
301 550 500 593 peccandum,
517 562 555 580 ne
570 551 636 593 ipsa
650 551 775 582 demum
792 551 829 581 sit
843 562 934 581 causa
949 558 1087 592 peccato-

246 605 327 624 rum.
373 593 404 624 Si
420 605 483 635 quo
504 594 591 624 Deus
605 601 695 636 pacto
718 593 755 624 sit
776 593 893 635 reliqua
912 593 1087 634 compulsu-

246 648 299 667 rus
313 636 460 666 immensa
482 644 564 667 certe
587 636 732 678 potentia,
749 647 851 666 rerum
874 635 1010 677 impellet
1032 648 1087 678 po-

246 679 367 717 tentias,
392 686 427 709 ut
451 678 599 710 divinitus
620 687 696 710 actae
718 686 811 720 agant
834 678 949 720 ubique
972 678 1086 709 divine.

246 724 293 753 At
309 733 380 752 vero
395 721 540 763 quoniam
564 721 668 752 divina
682 729 826 763 potestas,
843 720 918 751 duni
940 721 1003 763 agit
1024 732 1088 751 om-

246 765 307 802 nia,
324 776 380 795 suo
398 764 490 795 modo
505 776 565 795 non
585 764 738 806 prohibet,
755 764 830 805 quin
853 771 947 805 agant
968 772 999 795 et
1022 764 1089 811 ipsa

247 808 367 839 interim
383 814 413 838 et
436 819 492 838 suo
510 807 602 837 modo
624 813 736 848 agant:
761 813 842 837 certe
864 817 964 848 neque
985 807 1089 837 divina

247 851 381 888 scientia,
398 850 473 880 dum
489 849 627 892 proprias
642 860 743 879 rerum
760 858 885 879 naturas
905 849 1087 886 considerat,

247 906 303 925 sua
322 905 370 924 res
389 893 575 935 proprietate
595 892 736 934 privabit.
783 892 863 922 Nam
883 900 913 923 ct
936 893 1001 923 haec
1025 903 1087 923 una

247 948 316 968 cum
334 943 494 978 potestate,
510 946 580 976 quae
596 942 626 964 et
649 934 752 965 existit
771 934 876 965 eadem
900 947 1001 966 rerum
1023 946 1087 965 orn-

246 980 331 1010 nium
349 979 390 1010 ita
405 990 495 1009 causa
511 983 566 1015 cst,
584 985 618 1007 ut
640 989 696 1019 pro
721 977 771 1007 riis
803 977 932 1008 )raeditae
956 978 1013 1008 sint
1035 990 1085 1008 na-

247 1022 335 1053 turis.
380 1022 482 1051 Causa
497 1027 552 1057 est,
570 1028 603 1050 ut
625 1020 696 1051 intel
711 989 843 1051 eciuaies
865 1021 1088 1063 rationalesque

247 1072 365 1096 naturae
386 1063 424 1094 ad
445 1063 579 1093 divinam
603 1062 832 1094 similitudinem
856 1063 886 1093 in
913 1064 1033 1106 agendo
1058 1076 1088 1094 se

246 1108 371 1143 ducant,
395 1106 497 1148 potius
518 1117 610 1147 quam
636 1106 807 1137 trahantur.
854 1108 957 1138 Causa
978 1114 1034 1143 est,
1054 1115 1088 1137 ut

247 1159 365 1181 natura*
392 1149 549 1179 inferiores
578 1148 846 1191 dissimilioresque
870 1150 939 1180 Deo
966 1150 1089 1180 aliunde

246 1192 371 1235 quidem
387 1192 490 1234 potius
512 1191 541 1222 iu
565 1192 684 1234 agendo
703 1192 868 1230 ducantur,
884 1192 935 1223 scd
958 1204 1013 1234 pro
1035 1204 1090 1223 sua

246 1235 366 1266 interim
388 1234 574 1277 proprietate
589 1234 755 1271 ducantur,
773 1246 810 1266 nc
833 1235 891 1266 sub
907 1235 1013 1266 ordine
1030 1236 1089 1266 Dei

247 1286 427 1309 naturarum
454 1285 637 1308 mstitutoris
663 1290 710 1308 res
737 1286 843 1309 contra
869 1287 993 1309 naturas
1020 1290 1089 1309 suas

248 1322 363 1364 ubique
379 1321 550 1357 trahantur,
567 1332 642 1351 neve
655 1328 805 1363 perpetua
819 1321 962 1363 quiedam
979 1322 1017 1352 sit
1027 1321 1089 1351 vio-

247 1364 350 1401 lentia,
378 1364 430 1395 ubi
458 1364 560 1394 onmia
589 1372 660 1394 sunt
691 1364 868 1395 mirabiliter
894 1364 990 1407 ipsius
1017 1364 1088 1395 boni

247 1408 405 1438 voluntate
421 1406 578 1448 disposita,
591 1407 769 1448 bonumque
786 1419 844 1437 non
864 1407 1019 1445 violenter,
1036 1407 1088 1438 sed

247 1450 426 1481 naturaliter
440 1457 600 1491 appetunt.
648 1450 786 1481 Revocat
801 1459 903 1481 autem
924 1450 962 1481 ad
985 1451 1088 1481 Deum

247 1493 362 1524 anilitas
378 1492 579 1535 providentia,
597 1492 766 1534 ingeniosas
787 1493 913 1535 quidem
936 1493 975 1524 ad
995 1493 1091 1524 admi-

248 1536 377 1567 randum
390 1543 499 1566 ornatu
515 1543 545 1566 et
560 1535 667 1566 ordine
683 1547 784 1566 rerum
799 1549 804 1566 :
824 1537 972 1567 tardiores
987 1545 1090 1567 autem

247 1579 285 1610 ad
301 1579 467 1609 amandum
479 1578 583 1609 saltem
596 1579 812 1609 commoditate
823 1579 949 1610 mirifica
962 1592 968 1610 :
987 1591 1092 1610 omnes

248 1630 393 1664 tanquam
410 1621 546 1652 medicus
561 1629 655 1664 atque
675 1630 762 1664 pater
775 1634 885 1653 curans
899 1630 992 1665 atque
1004 1622 1091 1653 casti-

247 1677 333 1707 gans.

250 1719 352 1745 Anima>
367 1718 514 1744 rationales
530 1727 612 1753 neque
632 1727 649 1744 α
671 1719 859 1754 superioribus,
875 1728 958 1754 neque
974 1718 1007 1745 ab
1023 1717 1089 1754 inf‘f·

329 1758 442 1784 rioribus
456 1759 492 1784 ml
507 1759 623 1785 actiones
639 1762 728 1794 turpes
743 1760 848 1785 (minino
865 1763 1008 1794 coguntur.

292 1797 337 1828 X.
363 1798 444 1827 Cum
462 1796 490 1826 in
509 1797 717 1839 superioribus
733 1797 856 1834 dixerit,
874 1797 1011 1827 homines
1027 1809 1090 1827 esse

250 1840 307 1870 sub
336 1839 527 1882 providentia
559 1840 678 1877 liberos,
701 1839 844 1882 deinceps
871 1840 1004 1875 dubitat,
1028 1852 1091 1882 qua

249 1883 365 1913 ratione
391 1882 624 1924 intelligendum
653 1883 700 1919 sit,
725 1884 808 1925 quod
836 1895 916 1925 sa‘pe
938 1883 1050 1913 dicitur
1073 1894 1090 1913 a

252 1926 399 1956 Platone:
424 1925 561 1956 homines
592 1937 651 1956 non
677 1933 785 1968 sponte
813 1926 875 1956 sieri
907 1926 1011 1956 malos.
1059 1926 1090 1956 Si

251 1969 330 1999 enim
354 1969 396 1999 ita
419 1969 466 2005 sit,
490 1968 529 1999 ad
553 1969 740 2011 peccandum
765 1969 831 2010 cogi
850 1968 1005 2006 videntur,
1030 1969 1091 1999 sive

252 2011 336 2048 caelo,
362 2012 423 2041 sive
452 2011 511 2041 alio
535 2012 619 2042 fatali
650 2012 819 2054 intimoque
849 2012 1005 2048 instinctu,
1030 2012 1091 2042 sive

253 2054 387 2084 seminali
403 2054 518 2085 ratione
533 2063 693 2096 cogantur.
730 2055 955 2097 Respondetur,
967 2054 1093 2096 quando

255 2105 390 2138 peccant,
416 2097 585 2128 voluntarie
613 2098 726 2128 moveri
751 2098 790 2128 ad
814 2098 974 2134 actionem,
999 2109 1090 2139 quam

254 2139 422 2181 elegerunt,
439 2141 579 2181 quamvis
595 2152 654 2171 non
671 2141 842 2171 voluntarie
856 2141 966 2171 cadant
979 2140 1008 2170 in
1023 2152 1090 2182 per-

255 2193 376 2212 versum
406 2183 556 2219 habitum,
583 2184 636 2225 qui
668 2183 744 2214 clam
773 2183 945 2225 sensimque
968 2195 1005 2214 ex
1032 2184 1092 2213 fre-

255 2225 421 2266 quentibus
443 2226 612 2257 actionibus
635 2226 780 2257 inolescit.
827 2226 875 2257 Sic
896 2234 925 2257 et
948 2238 966 2256 a.
982 2225 1091 2256 volun-

256 2275 317 2298 tate
345 2275 462 2298 motum
490 2269 708 2300 exordiuntur:
738 2278 768 2300 et
797 2278 948 2311 quatenus
975 2269 1016 2299 ita
1039 2269 1092 2299 diu

256 2310 508 2352 progrediuntur,
530 2313 705 2343 necessitate
728 2312 758 2342 in
782 2312 920 2343 habitum
945 2311 1094 2353 ejusmodi

255 2353 475 2395 prolabuntur:
501 2362 593 2396 atque
608 2367 645 2385 ex
662 2355 768 2385 habitu
786 2355 837 2386 tali
854 2355 883 2385 in
900 2354 959 2385 tale
980 2354 1095 2396 suppli-

257 2396 338 2427 cium
363 2397 529 2426 necessario
555 2398 790 2428 transferuntur.
837 2398 928 2435 Quod
958 2397 1095 2428 homines

257 2450 316 2469 non
333 2450 370 2469 ex
386 2439 564 2480 corporibus
579 2439 773 2470 inferioribus
793 2440 831 2470 ad
851 2439 1004 2481 agendum
1028 2440 1095 2470 ubi-

256 2493 317 2524 que
331 2481 502 2518 trahantur,
519 2489 614 2523 patet‚
630 2482 755 2523 quando
771 2482 888 2523 eligunt
910 2491 1002 2524 atque
1025 2494 1092 2524 per-

257 2532 365 2566 agunt,
378 2535 449 2566 quae
465 2532 494 2554 et
510 2531 621 2566 praeter
636 2532 666 2555 et
681 2532 786 2555 contra
801 2525 978 2555 inferiorum
993 2526 1095 2555 condi-

259 2567 369 2598 tionem
387 2578 450 2597 esse
466 2567 543 2597 ratio
559 2567 746 2609 comprobat.
794 2567 885 2604 Quod
902 2579 1024 2597 rursum
1040 2579 1095 2598 nec

257 2622 275 2640 a
291 2610 497 2652 superioribus
513 2609 557 2640 vel
575 2610 764 2651 corporibus,
781 2610 828 2640 vel
845 2621 950 2639 eorum
974 2611 1095 2640 rectori-

258 2654 316 2684 bus
339 2652 572 2695 compellantur,
588 2652 684 2695 liquet
700 2664 736 2683 ex
757 2664 803 2688 eo,
819 2652 903 2694 quod
926 2664 1007 2694 saepe
1026 2664 1096 2683 con-

259 2704 305 2727 tra
321 2696 512 2738 superiorum
536 2695 716 2738 dignitatem
739 2695 939 2737 ordinemque
955 2706 1096 2737 perverse

673 152 1105 195 ARGUMENTUM
1134 154 1366 195 MARSIL.
1399 153 1505 194 FIC.

1125 260 1223 295 agunt
1238 259 1330 294 atque
1348 263 1500 294 perversa.
1549 250 1694 282 Similiter
1708 257 1827 281 motum
1854 248 1893 280 ad
1908 248 1969 279 vir-

1126 303 1208 327 tutes
1227 307 1264 326 ex
1287 294 1427 326 rationali
1450 293 1637 337 proprioque
1659 292 1809 336 principio
1832 291 1971 323 homines

1126 345 1234 380 agunt.
1278 339 1387 380 Atque
1403 338 1426 368 si
1442 337 1568 379 quando
1590 343 1850 367 connumerantur
1872 333 1968 365 actio-

1128 393 1203 412 num
1219 381 1368 423 principia
1379 380 1479 422 plura,
1491 391 1611 422 semper
1625 380 1655 410 in
1668 380 1735 422 ipso
1748 377 1970 420 principiorum

1127 424 1286 466 agentium
1308 435 1437 454 numero
1457 422 1586 453 facultas
1608 422 1674 465 ipsa
1696 420 1850 453 rationalis
1873 419 1969 451 habe-

1130 474 1189 497 tur.

1132 519 1235 546 Praeter
1250 527 1389 554 corporum.
1406 519 1550 553 qualitates
1568 522 1606 545 est
1627 518 1723 553 ubique
1743 519 1899 553 incorporea
1913 516 1970 542 vita

1170 559 1341 585 rationaliter
1369 559 1457 584 onmia
1483 567 1595 593 regens:
1624 561 1704 593 atque
1732 557 1786 584 haec
1814 556 1972 583 universalis

1169 603 1269 625 natura
1285 599 1389 624 naturis
1401 598 1613 633 particularibus
1627 598 1790 624 dominatur.

1174 637 1240 667 XI.
1267 635 1424 674 Quaeritur
1439 636 1469 666 in
1486 635 1649 666 undecimo
1665 635 1774 677 capite,
1792 643 1896 666 utrum
1912 634 1971 665 sin-

1129 678 1194 720 guli
1211 690 1313 709 rerum
1328 679 1429 709 exitus
1449 690 1487 709 ex
1502 678 1586 709 fatali
1601 678 1734 720 quadam
1756 688 1971 725 corporearum

1131 721 1283 752 duntaxat
1298 733 1459 752 causarum
1483 721 1670 752 connexione
1692 727 1893 762 proveniant:
1918 731 1969 750 ne-

1131 776 1192 806 que
1219 764 1256 795 sit
1285 764 1344 795 alia
1372 772 1520 806 praeterea
1550 763 1752 807 providentia.
1798 764 1876 794 Esse
1900 774 1973 793 vero

1132 814 1244 849 praeter
1259 818 1364 837 causas
1380 807 1553 850 corporales
1568 807 1661 837 vitam
1685 805 1841 849 quandam
1858 804 1973 847 ubique

1132 850 1224 880 rebus
1240 850 1372 880 infusam
1388 850 1478 880 certis
1492 850 1594 880 omnia
1608 849 1778 880 rationibus
1793 847 1973 879 naturaliter

1130 893 1343 930 fabricantem,
1360 900 1390 923 et
1405 892 1477 923 alibi
1493 900 1523 923 et
1546 893 1575 923 in
1599 892 1772 933 Theologia
1788 891 1859 922 satis
1874 898 1973 921 osten-

1130 935 1243 966 dimus.
1290 937 1369 966 Haec
1399 935 1479 966 enim
1509 935 1661 977 corporeis
1684 934 1885 977 qualitatibus
1908 941 1974 964 toto

1132 980 1179 1017 (ut
1202 979 1315 1019 fertur)
1340 978 1456 1025 impetu
1481 979 1699 1020 proruentibus
1721 986 1818 1008 certos
1843 976 1974 1019 imponit

1133 1021 1258 1052 modos:
1283 1021 1423 1052 conciliat
1453 1021 1675 1063 repugnantia:
1710 1021 1823 1051 formas
1846 1020 1974 1062 figuras-

1132 1076 1193 1106 que
1208 1072 1305 1095 certas
1325 1064 1446 1095 incertis
1468 1075 1522 1106 per
1545 1076 1576 1094 se
1593 1064 1739 1105 vagisque
1762 1063 1894 1094 materiis
1914 1062 1971 1093 im-

1133 1107 1237 1149 primit
1251 1120 1257 1138 :
1282 1119 1319 1137 ex
1336 1118 1395 1137 non
1413 1107 1586 1137 viventibus
1602 1106 1734 1137 viventia
1748 1106 1832 1137 facit.
1870 1106 1974 1147 Atque

1133 1150 1209 1180 sieut
1225 1162 1273 1180 ars
1288 1150 1417 1180 fabricat
1433 1157 1519 1180 extra
1535 1162 1540 1180 :
1567 1149 1607 1180 sic
1628 1149 1704 1191 ipsa,
1719 1149 1804 1179 velut
1819 1160 1868 1179 ars
1882 1156 1973 1179 natu-

1133 1192 1220 1223 ralis:
1246 1193 1376 1234 ideoque
1399 1193 1517 1223 facilius
1538 1200 1568 1223 et
1591 1192 1709 1222 felicius
1729 1191 1857 1222 fabricat
1879 1190 1971 1222 intus.

1135 1237 1243 1266 Movet
1259 1244 1288 1266 et
1311 1236 1393 1266 intus
1409 1235 1548 1278 stupidas
1569 1247 1624 1277 per
1643 1246 1673 1265 se
1696 1234 1815 1277 plantas
1837 1241 1866 1264 et
1889 1233 1974 1276 igna-

1134 1279 1254 1309 vissima
1270 1291 1403 1321 qumque
1421 1278 1563 1309 animalia
1579 1278 1700 1308 statutis
1716 1277 1905 1319 temporibus
1921 1276 1975 1307 mi-

1133 1322 1235 1364 risque
1251 1322 1348 1352 modis
1371 1321 1408 1352 ad
1434 1321 1563 1363 speciem
1583 1320 1826 1363 propagandam,
1843 1319 1975 1350 Instruit

1133 1377 1257 1407 quoque
1280 1365 1363 1395 intus
1383 1364 1556 1406 plantarum
1574 1371 1639 1394 tum
1665 1363 1781 1394 radices
1803 1362 1841 1393 ad
1866 1362 1973 1393 humo-

1134 1419 1207 1445 rem,
1232 1416 1298 1438 tum
1322 1408 1442 1438 fructus
1464 1416 1494 1438 ct
1520 1407 1591 1437 folia
1612 1406 1650 1437 ad
1674 1406 1803 1437 calorem
1827 1405 1975 1448 sagaciter

1133 1451 1318 1492 eligendum.
1367 1450 1483 1481 Gravia
1505 1462 1630 1492 quoque
1656 1457 1685 1480 et
1712 1449 1789 1480 levia
1812 1448 1852 1479 ad
1878 1457 1975 1480 rectas

1134 1493 1227 1524 lineas
1242 1493 1424 1534 geometrice
1440 1501 1552 1530 movet,
1570 1501 1599 1523 et
1622 1492 1825 1534 abjectissima
1842 1502 1975 1534 quaeque

1134 1537 1275 1567 animalia
1291 1536 1450 1573 vaticiniis,
1468 1535 1641 1577 sagacitate,
1655 1535 1772 1566 artibus
1784 1533 1975 1565 naturalibus

1134 1589 1308 1622 opportune
1327 1580 1365 1610 ad
1391 1579 1556 1609 neccssaria
1571 1579 1686 1620 dirigit,
1703 1578 1872 1609 rationibus
1895 1588 1975 1619 saepe

1135 1623 1300 1653 humanam
1311 1623 1527 1665 superantibus
1539 1622 1698 1652 rationem:
1720 1621 1879 1651 ducuntur
1891 1631 1975 1650 nam-

1135 1678 1196 1708 que
1218 1666 1375 1696 divinitus.
1422 1667 1478 1696 Est
1495 1665 1574 1696 enim
1591 1665 1656 1695 haec
1672 1663 1856 1706 spiraculum
1873 1662 1972 1704 quod-

1133 1709 1202 1739 dam
1221 1709 1413 1750 verbumque
1428 1708 1538 1738 anima:
1555 1707 1661 1738 mundi
1678 1706 1822 1737 vivaciter
1839 1706 1973 1736 rationa-

1134 1752 1263 1793 literque
1274 1751 1429 1782 materiam
1445 1751 1607 1781 verberans
1617 1758 1711 1791 atque
1724 1750 1870 1791 figurans,
1883 1748 1974 1779 duos-

1133 1807 1193 1837 que
1207 1795 1297 1825 habet
1315 1794 1469 1825 terminos.
1506 1794 1584 1824 Nam
1599 1801 1628 1823 et
1644 1793 1683 1823 ab
1696 1791 1891 1822 intellectuali
1904 1791 1975 1822 sub-

1134 1838 1244 1869 stantia
1261 1838 1355 1879 ipsius
1376 1837 1485 1867 animm
1508 1836 1632 1878 pendet,
1648 1844 1677 1866 et
1693 1835 1803 1866 desinit
1825 1835 1855 1865 in
1877 1842 1972 1865 mate-

1134 1881 1220 1911 riam.
1266 1882 1427 1914 Quatenus
1442 1892 1516 1921 crgo
1532 1879 1561 1909 in
1578 1879 1734 1909 materiam
1757 1878 1880 1914 desinit,
1896 1877 1975 1908 ratio

1135 1924 1247 1955 dicitur
1263 1923 1438 1965 simpliciter
1458 1922 1624 1953 seminalis:
1650 1929 1803 1963 quatenus
1818 1928 1920 1951 autem
1937 1931 1973 1951 ex

1136 1967 1289 1997 intellectu
1311 1966 1373 1996 sive
1394 1966 1503 1996 animae
1519 1965 1654 2007 proprio,
1671 1964 1733 1994 sive
1755 1975 1810 2006 per
1833 1963 1914 1993 hunc
1937 1974 1973 1993 ex

1150 2010 1235 2040 ›rimo
1251 2009 1398 2051 procedit,
1416 2009 1492 2039 ratio
1515 2008 1627 2038 dicitur
1649 2006 1860 2038 intellectualis
1882 2014 1975 2047 atque

1136 2022 1269 2094 legifera.
1317 2053 1466 2088 Rursum,
1483 2058 1575 2093 prout
1594 2050 1744 2081 seminalis
1759 2057 1814 2086 est,
1830 2060 1976 2091 corporea

1136 2096 1225 2126 facit:
1251 2103 1343 2137 prout
1365 2095 1500 2135 legifera,
1520 2094 1635 2135 gradus
1658 2092 1806 2135 quosdam
1830 2091 1975 2122 mutatio-

1137 2150 1210 2169 num
1244 2139 1451 2168 accommodat
1490 2137 1624 2167 motibus
1653 2136 1834 2166 animarum.
1897 2136 1976 2165 Sane

1137 2190 1288 2223 quantum
1313 2180 1463 2211 seminalis
1483 2179 1571 2210 simul
1596 2187 1640 2209 est
1663 2186 1756 2220 atque
1779 2177 1914 2219 legifera,
1931 2185 1976 2207 to-

1138 2232 1203 2255 tum
1234 2224 1382 2265 gradibus
1412 2223 1474 2253 suis
1499 2223 1633 2264 disponit
1663 2221 1801 2252 ordinem
1831 2219 1975 2251 universi.

1139 2268 1214 2304 Tot,
1239 2268 1363 2309 inquam
1394 2266 1552 2307 gradibus,
1580 2272 1656 2307 quot
1680 2272 1709 2294 et
1739 2264 1804 2306 ipsa
1830 2263 1977 2305 impressa

1139 2310 1223 2352 prius
1248 2318 1290 2341 est
1318 2310 1357 2340 ab
1384 2308 1581 2340 intellectuali
1609 2306 1769 2349 principi0,
1796 2306 1884 2347 cujus
1910 2306 1976 2347 ipsa

1138 2353 1225 2395 quasi
1243 2353 1374 2393 sigillum
1396 2360 1452 2389 est,
1468 2351 1625 2382 materiam
1642 2350 1818 2392 imprimens
1838 2359 1976 2395 examus-

1139 2397 1205 2426 sim.
1252 2397 1330 2426 Hzec
1354 2394 1532 2425 universalis
1555 2402 1664 2424 natura
1684 2401 1745 2423 cst:
1771 2403 1808 2422 ex
1824 2392 1914 2433 cujus
1928 2401 1973 2420 in-

1139 2439 1273 2470 tentione
1289 2446 1359 2469 sunt
1374 2438 1481 2474 multa,
1498 2449 1568 2478 quae
1585 2444 1696 2478 pra‘ter
1710 2443 1829 2466 naturae
1844 2433 1974 2480 particu-

1140 2482 1209 2512 laris
1224 2482 1421 2512 intentionem
1444 2492 1523 2522 saepe
1546 2479 1737 2520 contingunt.
1786 2477 1834 2508 Sic
1856 2476 1908 2507 ubi
1923 2484 1975 2516 ge-

1139 2525 1239 2555 nitalis
1254 2524 1283 2554 in
1301 2524 1409 2566 quovis
1428 2522 1549 2554 animali
1565 2522 1663 2552 virtus
1679 2528 1823 2562 tanquam
1841 2516 1975 2565 mascula

1141 2567 1255 2609 ubique
1277 2567 1447 2597 masculum
1464 2566 1572 2596 nititur
1587 2575 1758 2606 procreare,
1774 2561 1856 2592 velut
1870 2571 1901 2607 in
1918 2570 1974 2589 suo

1138 2622 1249 2649 genere
1275 2609 1540 2652 perfectissimum,
1567 2607 1686 2638 interim
1718 2603 1893 2635 universahs
1923 2613 1975 2632 na-

1140 2660 1208 2683 tura
1230 2652 1416 2694 quandoque
1435 2651 1503 2682 vult
1523 2650 1698 2681 foeminam:
1725 2654 1767 2692 ut.
1781 2657 1817 2676 ex
1841 2643 1974 2691 masculo

1139 2703 1232 2736 atque
1257 2695 1383 2726 foemina
1406 2693 1588 2725 animalibus
1612 2696 1786 2734 propagatis
1811 2687 1974 2729 perfectius
