2201 2990
240 139 298 170 xcii
778 140 1152 171 ANNOTATIONES
1176 140 1227 171 IN
1252 141 1449 172 PLOTINI

239 224 364 256 consule
380 223 576 255 Valckenaer.
595 224 708 256 Scholl.
725 225 756 256 in
774 226 816 257 N.
831 227 873 257 T.
888 226 915 257 I.
933 237 965 268 p.
982 234 1082 267 197—
1099 227 1125 254 A
1145 237 1284 257 uxorem.
1302 226 1345 257 ἐπ’
1359 227 1446 264 αὐτῆς
1462 226 1541 258 Cod.
1556 227 1656 258 Palat.
1674 227 1821 259 Heidelb.
1837 239 1884 259 nr.
1899 230 1985 270 132.)

242 286 314 307 200.
330 283 361 306 et
377 275 516 307 Lobeck.
534 275 574 306 ad
590 275 762 318 Phrynichi
777 276 825 307 vel
840 277 944 319 potius
958 276 998 307 ad
1015 277 1082 307 He-

240 327 358 358 rodiani
383 328 516 370 Eclogg.
540 339 570 369 p.
583 328 657 365 468.
684 327 754 358 infr.

241 380 305 410 ἐστι
326 379 453 410 παιδίον.
499 378 639 421 Hesych.
657 379 683 409 I.
706 390 736 420 p.
750 380 799 409 60.
816 377 940 418 ἆτηρόν;
966 381 1082 417 βλαβε-

240 429 302 470 ρόν.
348 430 402 461 Ab
423 431 476 468 ἄτη
496 430 636 472 Etymol.
656 430 742 461 Gud.
769 441 801 471 p.
817 430 869 470 38.
892 429 923 459 in
945 428 1082 468 ἁλμυράς.

240 482 309 512 coll.
330 493 361 524 p.
379 481 427 512 88.
444 490 497 522 52.
513 492 556 522 sq.
590 480 628 510 cf.
654 487 684 510 et
708 480 883 510 Tittmann.
907 480 946 510 ad
970 480 1082 510 Zonar.

241 532 320 562 Lex.
338 544 368 574 p.
381 533 454 573 336.
478 531 569 562 Plato
583 531 712 573 Cratylo
727 542 758 572 p.
769 541 842 571 395.
853 542 879 561 c.
896 542 927 572 p.
942 531 990 561 28.
1004 530 1086 561 Bek-

802 329 882 359 Mox
907 329 951 358 ὅτι
977 328 1084 367 ἀτηρόν

1142 277 1303 316 ὑπήλλαξε,
1320 279 1469 317 μελαίνων
1484 279 1520 308 τὰ
1534 282 1592 309 τῶν
1607 280 1694 310 οἴκων
1708 280 1781 318 ἄνθη
1796 279 1985 319 παραπετάσ-

1143 341 1216 367 μασι
1239 330 1285 359 καὶ
1307 330 1441 369 χρώμασι
1465 329 1512 360 καὶ
1529 330 1602 371 λίθῳ
1623 332 1756 373 Λεσβίῳ.
1781 331 1909 370 κατηφὴς
1923 332 1955 362 δὲ
1969 332 1986 361 ὁ

1451 379 1583 411 Basilius
1598 382 1709 424 Magn.
1727 382 1846 412 Homil.
1864 382 1985 412 XXX.

1144 430 1183 460 de
1200 431 1344 462 Paradiso
1366 443 1398 473 p.
1416 433 1495 462 626:
1521 433 1648 472 ἀνθηρὸν
1670 433 1702 464 τὸ
1725 433 1821 473 ῥόδον,
1839 432 1906 464 ἀλλ’
1923 434 1988 472 ἐμοὶ

1146 482 1306 521 κατήφειαν
1318 484 1441 522 ἐμποιεῖ.
1465 483 1606 514 Eandem
1622 483 1806 515 locutionem
1822 484 1895 515 alibi
1910 496 1987 526 quo-

1145 544 1206 574 que
1229 542 1359 576 usurpat
1381 534 1474 572 idem,
1490 547 1520 564 v.
1534 546 1558 565 c.
1582 546 1614 577 p.
1629 545 1698 566 110.
1709 536 1747 566 C.
1764 543 1794 566 et
1809 547 1841 578 p.
1853 546 1927 577 354.
1942 536 1984 567 D.

1144 380 1227 411 λίθος
1243 380 1288 410 καὶ
1302 380 1404 419 μέλας.

240 582 304 614 ker.
321 583 352 614 in
369 582 569 625 Etymologia
584 581 714 612 nominis
728 581 858 620 Ἀτρεύς·
877 582 923 612 καὶ
938 583 995 621 γὰρ
1012 583 1085 612 κατὰ
1102 585 1126 613 Β
1148 585 1210 614 Pro
1232 596 1268 615 eo
1291 585 1354 615 Dio
1370 585 1495 616 Cassius
1519 586 1699 616 XXXIX.
1718 587 1768 618 28.
1791 598 1824 629 p.
1841 597 1920 626 204:
1947 588 1988 620 εἰς

239 634 272 665 τὸ
283 635 394 674 ἀτειρὲς
406 633 498 673 (Cod.
507 634 643 663 Darmst.
656 632 765 671 ἀτερές.
778 632 867 662 male.
878 632 941 663 vid.
952 632 1084 664 Heindf.

238 697 270 728 p.
287 687 355 725 42.)
374 685 419 716 καὶ
443 686 515 715 κατὰ
538 684 571 714 τὸ
592 684 735 723 ἄτρεστον
757 684 803 714 καὶ
825 685 897 715 κατὰ
919 684 952 715 τὸ
977 685 1083 724 ἀτηρὸν

238 739 374 777 πανταχῆ
389 738 480 776 ὀρθῶς
494 735 569 776 αὐτῷ
586 734 618 765 τὸ
635 736 729 773 ὄνομα
750 738 850 765 κεῖται.
898 735 1083 766 Theodotus

238 791 330 830 poe'ta
351 787 435 829 apud
453 786 626 828 Heringam
642 785 672 816 in
691 786 841 817 Observv.
860 787 1023 818 XXXII.
1048 798 1080 829 p.

240 849 311 880 293.
327 838 396 878 μάλ’
413 837 516 877 ἇτήρεε
532 840 622 877 φῶτε·
640 837 696 867 viri
713 837 848 868 violenti.
878 839 1084 869 Vehementer

238 899 341 922 autem
359 890 461 926 miror,
477 889 531 931 qui
549 890 692 927 Matter.,
709 889 756 919 vir
770 890 926 932 ceteroqui
941 890 1083 921 eruditus

1147 635 1308 675 κατήφειαν
1323 636 1506 668 καθιστάναι.
1530 637 1580 667 De
1593 637 1686 668 verbo
1702 640 1847 679 κατηφιᾷν
1858 645 1888 668 et
1904 651 1988 677 κατη-

1146 690 1224 726 φεῖν,
1242 687 1356 718 Atticis
1371 687 1473 718 minus
1488 688 1695 730 frequentato,
1712 689 1775 720 vid.
1792 689 1931 720 Lobeck.
1947 688 1988 720 ad

1146 737 1318 780 Phrynich.
1334 750 1364 781 p.
1380 740 1430 780 83.
1447 746 1477 770 et
1492 739 1616 770 Jacobs.
1632 740 1651 770 1.
1662 740 1682 770 1.
1708 741 1764 772 Cr.

1188 801 1218 832 p.
1237 789 1268 820 li.
1285 796 1308 820 P.
1333 790 1493 830 ἀπενέγκαι
1518 791 1590 830 πρὸς
1610 790 1790 833 Ἀμμώνιον]
1818 794 1840 810 “
1854 792 1986 822 Ammo-

1144 840 1231 870 nium
1247 840 1383 882 intellige
1399 842 1535 880 Saccam,
1550 842 1589 872 de
1611 854 1675 884 quo
1696 841 1736 872 ad
1758 841 1870 873 calcem
1894 842 1989 885 hujus

1144 892 1216 923 vitae
1231 904 1250 923 a
1262 903 1309 923 me
1321 892 1438 923 dictum
1456 894 1613 934 [nimirum
1627 894 1657 924 in
1671 893 1863 925 Bibliotheca
1876 894 1988 925 Graeca

237 951 267 974 et
279 942 425 984 prudens,
438 941 516 971 hanc
532 940 737 972 narrationem
753 940 915 983 allegorice
929 941 1083 983 explicare
1100 948 1124 975 C
1146 954 1174 985 p.
1194 953 1262 984 159.
1279 955 1322 986 sq.
1340 944 1402 975 sive
1418 944 1479 975 vol.
1494 946 1530 975 V.
1546 957 1578 987 p.
1592 955 1662 984 701.
1680 957 1747 987 sqq.
1763 945 1810 976 ed.
1829 945 1988 987 Harles.]'''

238 993 385 1036 potuerit,
402 992 547 1023 nimirum
567 992 620 1030 ita,
638 1000 673 1023 ut
690 992 801 1023 tralato
821 992 915 1023 modo
934 992 1083 1033 significe-

237 1055 300 1084 tur,
316 1045 474 1076 Plotinum
495 1044 589 1074 fuisse
612 1044 741 1086 praecoci
762 1043 899 1085 ingenio,
916 1051 946 1073 et
969 1054 1083 1085 pueru-

236 1098 301 1128 lum
331 1098 395 1139 ι’111111
427 1095 600 1126 interfuisse
634 1094 816 1126 lectionibus
847 1095 1021 1125 Doctorum
1052 1094 1083 1125 in

237 1150 351 1180 Museo
367 1147 592 1178 Alexandrino.
637 1146 707 1177 Vid.
726 1145 815 1176 Essai
836 1145 1007 1187 historique
1030 1156 1083 1176 sur

236 1199 338 1231 l'ecole
360 1198 584 1230 d'Alexandrie
609 1199 637 1228 Ι.
662 1209 692 1239 p.
709 1206 784 1239 317.
828 1197 884 1227 Ab
910 1196 1082 1227 istiusmodi

236 1251 439 1294 explicatione
462 1261 533 1281 eum
557 1249 692 1292 primum
717 1257 854 1280 avertere
877 1248 1010 1280 debebat
1033 1250 1083 1288 (ut

1146 995 1271 1025 Fabric.
1318 997 1507 1038 Anonymus
1529 996 1560 1027 in
1585 996 1665 1027 Cod.
1684 997 1756 1028 MS.
1783 996 1881 1028 Palat.
1908 997 1986 1028 Hei-

1143 1045 1226 1077 delb.
1244 1058 1288 1077 nr.
1306 1057 1374 1087 129.
1391 1047 1507 1078 f01.66.
1524 1055 1598 1078 rect.
1613 1060 1619 1078 z
1646 1047 1777 1086 Κόμοδος
1796 1049 1811 1078 ὁ
1831 1049 1984 1087 βασιλεὺς.

1145 1098 1192 1128 ἐπὶ
1215 1098 1318 1128 τούτου
1339 1097 1503 1137 Ἀμμώνιος
1526 1100 1648 1137 ἐπίκλην
1664 1101 1776 1131 Σακκᾶς
1792 1099 1844 1130 τὸν
1859 1098 1985 1139 φιλόσο-

1144 1153 1204 1187 φον
1218 1149 1374 1186 ἠσπάσατο
1390 1150 1467 1187 βίον.
1492 1151 1582 1191 τούτῳ
1599 1151 1742 1189 φοιτῆσαί
1755 1156 1850 1190 φασιν
1866 1150 1985 1191 Ὠριγέ-

1144 1212 1198 1237 νην
1213 1200 1264 1230 τὸν
1278 1200 1428 1239 ἡμέτερον·
1452 1202 1490 1242 τῷ
1508 1202 1538 1230 δὲ
1556 1204 1722 1231 Πλωτῖνον·
1747 1204 1796 1239 τῆς
1815 1203 1846 1231 δὲ
1868 1203 1984 1233 Πλωτί-

1144 1263 1195 1281 νου
1207 1252 1396 1283 διδασκαλίας
1411 1252 1569 1292 τετύχηκεν
1581 1253 1596 1282 ὁ
1609 1253 1785 1291 Πορφύριος.
1811 1251 1988 1294 Amplexus

235 1303 295 1334 alia
316 1302 484 1342 omittam),
501 1301 586 1343 quod
604 1300 799 1342 Porphyrius
822 1300 914 1331 refert
935 1300 967 1331 h.
980 1300 1000 1331 l.
1017 1309 1082 1332 tan-
1100 1311 1126 1338 D
1143 1314 1207 1333 esse
1231 1309 1332 1344 potest
1356 1302 1581 1344 philosophiam
1607 1303 1794 1333 Ammonius
1818 1303 1988 1346 imperante

236 1354 398 1385 tummodo
418 1365 489 1395 quae
512 1352 577 1394 ipse
599 1352 741 1383 Plotinus
764 1360 952 1389 narraverat,
971 1351 1082 1383 deinde

236 1405 321 1448 quod
337 1403 667 1445 γραμματοδιδάσκαλος
686 1415 709 1434 s.
726 1404 945 1443 γραμματιστὴς
966 1411 1012 1434 est
1034 1415 1080 1434 re-

235 1468 308 1499 apse
324 1456 364 1486 nil
381 1455 465 1486 aliud
481 1455 537 1485 nisi
554 1460 574 1473 “
587 1466 628 1485 un
645 1456 753 1486 niaitre
769 1455 807 1485 (10
822 1455 1006 1497 grammaire
1023 1455 1083 1485 010-

235 1507 400 1538 mentaire”
416 1518 516 1548 neque
532 1518 605 1537 vero
620 1518 726 1537 eorum
750 1506 872 1549 aliquis,
888 1507 942 1550 qui
967 1512 987 1526 ⁵‘
1004 1507 1080 1538 don-

238 1567 311 1590 nent
327 1558 365 1589 de
382 1559 481 1589 docies
497 1558 598 1601 leg-0713
613 1569 653 1588 au
668 1559 808 1589 Al1tsee.”
833 1561 887 1589 Cr.

287 1622 316 1653 p.
342 1610 372 1641 li.
397 1616 419 1640 ⁰.
454 1612 514 1641 τοῖς
544 1610 727 1648 εὐδοκιμοῦσι
753 1611 950 1653 συσταθέντα]
987 1613 1080 1643 Com-

236 1661 427 1692 niendatum.

238 1713 432 1744 Schleusneri
450 1713 529 1743 Lex.
548 1713 589 1743 N.
603 1713 645 1743 T.
667 1712 697 1743 in
722 1714 889 1753 συνίστημι.
922 1715 971 1745 1)0
987 1722 1083 1745 trans-

236 1764 310 1795 itivo
333 1776 390 1795 usu
415 1764 542 1806 perfecti
559 1765 772 1796 συνεστακέναι
788 1766 934 1797 Schwfer.
951 1766 989 1797 ad
1007 1767 1082 1797 Dio-

237 1827 302 1858 nyS.
321 1815 359 1846 (10
376 1817 521 1858 Compos.
546 1828 575 1858 p.
592 1826 665 1858 330.
691 1817 759 1856 (uhi
785 1817 864 1848 Cod.
884 1817 984 1848 l'alat.
1003 1817 1080 1847 Hei-

236 1866 317 1897 delb.
343 1867 476 1906 διέστηκε
498 1867 608 1904 habet)
626 1880 670 1910 sq.
697 1876 726 1899 et
744 1868 907 1911 Kicssling.
933 1870 971 1900 ad
997 1870 1080 1900 Iam·

236 1918 329 1949 blieh.
354 1919 392 1949 (10
418 1919 476 1949 Vit.
502 1919 638 1961 Pythag.
663 1920 816 1951 XXXV.
842 1932 871 1963 p.
888 1931 962 1962 513.
989 1929 1018 1951 et
1043 1920 1082 1951 de

237 1981 294 2000 usu
310 1970 409 2000 Medii
424 1970 454 2000 in
471 1970 629 2007 sodalitiis,
642 1971 837 2008 factionibus,
852 1972 1083 2013 conspirationi-

237 2021 358 2062 busque
379 2021 569 2052 declarandis
586 2023 753 2064 wyttenb.
769 2023 807 2053 ad
825 2024 949 2065 Eunap.
966 2035 997 2065 p.
1010 2032 1080 2064 223.
1102 2030 1124 2056 F

238 2073 319 2102 Mox
337 2075 450 2111 κατηφῆ
467 2074 512 2103 καὶ
527 2074 620 2112 λύπης
633 2074 740 2113 πλήρη.
766 2074 855 2105 Facit
870 2075 931 2105 huc
945 2074 1083 2105 definitio

237 2135 285 2165 ap.
299 2123 452 2154 Plutarch.
468 2125 504 2154 de
516 2125 633 2155 Vitioso
644 2125 769 2156 Pudore
785 2137 815 2168 p.
826 2126 901 2167 528.
915 2127 952 2156 E.
967 2137 997 2168 p.
1012 2135 1080 2166 132.

239 2175 357 2216 Wytt.:
377 2175 414 2207 ὡς
428 2177 484 2215 γὰρ
499 2175 551 2213 τὴν
564 2176 724 2216 κατήφειαν
740 2178 883 2216 ὁρίζονται
898 2178 993 2216 λύπην
1006 2177 1081 2207 κάτω

237 2226 365 2264 βλέπειν
388 2229 541 2262 ποιοῦσαν,
565 2239 636 2268 quae
661 2227 732 2268 plus
756 2227 895 2258 minusve
919 2227 1082 2258 immutata

238 2284 383 2319 repetunt
410 2277 611 2308 Grammatici
640 2278 813 2320 (Apollonii
844 2279 922 2309 Lex.
950 2280 1079 2310 Homer.

239 2339 270 2369 p.
287 2328 361 2368 387.
377 2328 486 2368 Toll.).
509 2328 652 2367 Ἀθυμίαν
666 2338 696 2360 et
712 2330 873 2370 κατήφειαν
884 2330 990 2372 jungit
1008 2330 1082 2361 Plu-

1145 1353 1330 1392 Conunodo,
1357 1354 1409 1384 sed
1437 1354 1579 1385 inclaruit
1609 1354 1733 1385 (1011111111
1765 1354 1988 1396 imperantibus

1145 1405 1298 1443 Macrino,
1324 1405 1535 1443 Diadumeno,
1560 1405 1732 1447 Elagabalo
1755 1413 1784 1436 et
1806 1405 1988 1438 Alexandro

1145 1456 1268 1487 Severo.
1313 1457 1404 1494 Quod
1421 1468 1493 1487 vero
1508 1457 1601 1487 homo
1618 1457 1811 1488 Christianus
1828 1457 1988 1489 Plotinum

1143 1507 1329 1550 discipulum
1351 1508 1424 1538 facit
1445 1508 1588 1549 Origenis
1604 1508 1796 1545 Adaniantii,
1818 1509 1848 1539 in
1871 1521 1908 1540 eo
1929 1509 1986 1540 fal-

1143 1558 1227 1589 litur.
1274 1559 1525 1601 Condiscipulus,
1550 1560 1719 1590 Ammonio
1743 1560 1899 1601 magistro,
1926 1561 1988 1592 fuit

1144 1610 1287 1641 l’lotinus
1309 1618 1339 1641 et
1362 1610 1443 1641 illius
1462 1611 1605 1653 Origenis
1621 1611 1802 1642 Adaniantii
1820 1611 1986 1643 Christiani

476 1660 549 1691 Vid.
578 1661 657 1692 Lex.
689 1662 837 1704 Xenoph.
864 1663 920 1694 IV.
951 1664 1018 1694 1258.
1052 1670 1081 1694 et
1101 1667 1125 1694 E
1144 1669 1173 1692 et
1196 1661 1321 1692 alterius
1341 1662 1484 1703 Origenis
1499 1674 1516 1692 a
1532 1663 1623 1693 sacris
1640 1663 1821 1693 Christianis
1843 1663 1987 1694 alieni.—

1145 1713 1307 1743 Nemi-sius
1322 1712 1361 1743 de
1379 1714 1499 1744 Natura
1516 1715 1612 1744 Hom.
1630 1726 1658 1757 p.
1675 1716 1725 1755 69.
1742 1727 1787 1757 sq.
1804 1715 1853 1745 ed.
1868 1715 1983 1746 Matth.

1142 1763 1311 1802 Ἀμμωνίου
1333 1767 1385 1795 τοῦ
1407 1765 1585 1796 διδασκάλου
1609 1767 1774 1797 ΠλωτίιὌυ.
1797 1766 1837 1797 cf.
1860 1778 1890 1809 p.
1912 1777 1984 1808 129.

1144 1816 1281 1846 Zonaras
1309 1816 1338 1846 in
1368 1817 1446 1847 Lex.
1474 1828 1505 1859 p.
1532 1819 1601 1855 146.
1629 1817 1792 1856 Ἀμμώνιος
1815 1817 1985 1858 φιλόσοφος

1141 1866 1352 1907 Ἀλεξανδρεὺς
1376 1869 1391 1898 ὁ
1417 1869 1582 1907 ἐπικληθεὶς
1607 1869 1719 1900 Σάκκας
1742 1867 1812 1910 (leg.
1832 1872 1946 1902 Σακκᾶς
1969 1881 1985 1901 e

1145 1919 1251 1955 Suida,
1279 1919 1333 1961 qui
1360 1919 1465 1950 eaden]
1494 1919 1587 1950 habet
1612 1919 1643 1949 in
1674 1919 1877 1959 Ammonios.)
1903 1921 1986 1953 οὗτος

1144 1971 1200 2002 ἀπὸ
1218 1974 1403 2010 Χριστιανῶν
1418 1971 1543 2010 γέγονεν
1560 1970 1688 2008 “Ελλην,
1706 1971 1742 2002 ὡς
1765 1971 1839 2010 φησὶ
1862 1973 1983 2011 Πορφύ·

1142 2036 1212 2061 ριος.
1238 2022 1306 2052 Vid.
1321 2021 1531 2064 Porphyrium
1547 2033 1595 2063 ap.
1608 2021 1726 2052 Euseb.
1744 2022 1788 2052 H.
1802 2022 1841 2052 E.
1860 2022 1919 2053 VI.
1936 2033 1984 2064 19.

1143 2081 1173 2104 et
1193 2073 1232 2104 ad
1252 2085 1323 2104 eum
1349 2074 1447 2104 Henr.
1465 2072 1563 2103 vales.
1610 2073 1662 2103 Cf.
1683 2072 1814 2103 eundem
1839 2073 1879 2104 ad
1904 2075 1983 2105 Am-

1143 2125 1232 2155 mian.
1252 2124 1423 2155 Marcellin.
1441 2124 1565 2154 XXII.
1585 2124 1632 2154 16.
1652 2125 1698 2154 16.
1716 2126 1829 2166 p.516.
1846 2124 1896 2156 ed.
1909 2125 1986 2157 Wa-

1142 2188 1227 2218 gner.
1270 2176 1366 2206 Adde
1383 2176 1473 2217 Casp.
1492 2174 1600 2205 Barth.
1615 2174 1655 2205 ad
1674 2175 1805 2205 Zachar.
1823 2176 1928 2218 Mytil.
1952 2188 1984 2219 p.

1145 2228 1214 2268 256.
1236 2234 1266 2258 et
1289 2226 1456 2257 Ruhnken.
1503 2226 1553 2256 De
1574 2225 1638 2256 vita
1658 2234 1688 2257 et
1712 2226 1831 2269 scriptis
1852 2228 1985 2270 Longini

1144 2281 1172 2320 ξ.
1186 2279 1223 2308 V.
1270 2277 1413 2308 Peccavit
1429 2284 1531 2307 autem
1548 2278 1736 2319 Anonynius
1752 2278 1874 2309 Codicis
1888 2279 1983 2310 nostri

1143 2329 1234 2372 culpa
1260 2329 1331 2359 mali
1357 2328 1489 2370 exempli
1516 2328 1546 2358 in
1572 2328 1657 2370 quod
1684 2328 1840 2360 inciderat.
1901 2330 1985 2367 Quid

239 2379 334 2410 tarch.
347 2378 376 2408 in
388 2379 507 2419 Agesil.
519 2380 640 2411 XXX.
658 2392 690 2422 p.
700 2391 774 2419 404.
798 2382 848 2411 De
863 2393 937 2411 cane
954 2382 1082 2420 κατηφὴς
1100 2392 1127 2420 G
1144 2381 1278 2423 quaeris?
1314 2380 1479 2421 Excerpsit
1496 2379 1729 2410 Theodoretnm
1746 2380 1800 2421 qui
1816 2380 1846 2411 in
1863 2380 1983 2412 Thera-

239 2438 284 2461 est
300 2430 330 2460 in
346 2430 472 2460 Arriani
488 2430 571 2460 librr.
585 2431 624 2461 de
634 2432 744 2461 Venat.
758 2432 836 2462 VII.
850 2441 876 2462 2.
902 2432 1081 2462 Philostrati

239 2482 318 2512 Jun.
337 2482 460 2523 Imagg.
478 2482 536 2512 IV.
553 2493 583 2523 p.
598 2482 669 2523 869.
685 2493 717 2524 p.
732 2490 801 2521 117.
812 2483 953 2513 Jacol›s.:
969 2485 1082 2522 κατηφῆ

241 2535 272 2564 δὲ
294 2533 341 2564 ἐπὶ
363 2535 396 2571 τῇ
422 2534 501 2563 παιδὶ
523 2534 692 2574 Δηϊανείρᾳ,
713 2544 805 2574 quem
830 2533 930 2563 locum
954 2533 1083 2564 tentavit

241 2583 364 2614 Jacobs.
382 2583 418 2613 V.
431 2583 479 2614 Cl.
495 2595 526 2625 p.
540 2585 614 2624 605.
663 2583 833 2625 Singularis
848 2592 892 2615 est
910 2585 994 2616 locus
1011 2585 1084 2616 Phi-

240 2635 357 2665 lostrati
369 2634 432 2664 Vit.
447 2634 631 2674 Sophistarr.
646 2634 684 2664 de
699 2635 826 2665 Herode
839 2635 947 2666 Attico
964 2648 991 2678 p.
1005 2638 1081 2677 556:

242 2687 257 2716 ὁ
281 2688 311 2717 δὲ
335 2686 380 2716 καὶ
404 2687 504 2726 σχῆμα
525 2687 575 2723 τῆς
597 2687 687 2718 οἰκίας
711 2685 754 2716 ἐπ’
772 2687 841 2725 αὐτῇ
860 2687 912 2726 (ob
930 2687 1082 2729 Regillam

1143 2440 1228 2473 peut.
1246 2432 1304 2462 VI.
1318 2443 1347 2473 p.
1360 2431 1432 2471 869.
1451 2431 1571 2461 Schulz.
1594 2431 1636 2462 ita
1658 2431 1778 2473 prodit:
1805 2432 1850 2462 καὶ
1867 2431 1982 2470 Κόμμο-

1144 2486 1201 2516 δος.
1219 2483 1266 2513 ἐπὶ
1280 2481 1382 2513 τούτου
1398 2483 1429 2512 δὲ
1444 2481 1607 2520 Ἀμμώνιος
1622 2483 1637 2512 ὁ
1654 2483 1775 2521 ἐπίκλην
1791 2485 1904 2515 Σακκᾶς
1918 2483 1985 2516 τοὺς

1144 2534 1268 2565 σάκκους
1292 2534 1459 2563 καταλιπὼν
1481 2534 1523 2565 οἷς
1544 2533 1688 2573 μετέφερε
1711 2533 1776 2565 τοὺς
1797 2533 1912 2572 πυροὺς,
1932 2534 1984 2565 τὸν

1144 2584 1316 2624 φιλόσοφον
1339 2584 1494 2622 ἠσπάσατο
1520 2586 1600 2622 βίον.
1630 2583 1721 2625 τούτῳ
1745 2585 1887 2623 φοιτῆσαί
1908 2590 1985 2625 φασι

1145 2637 1190 2666 καὶ
1211 2635 1371 2675 Ὠριγένην
1388 2635 1439 2665 τὸν
1454 2635 1595 2675 ἡμέτερον
1617 2636 1662 2666 καὶ
1683 2637 1840 2665 Πλωτῖνον
1854 2638 1979 2667 τουτονί.

1145 2687 1212 2726 (11111
1229 2686 1298 2716 libri
1314 2686 1430 2728 aliquot
1447 2686 1561 2717 habent
1583 2688 1621 2728 τῷ
1645 2686 1686 2716 δέ.
1710 2690 1896 2728 perperam.)
1944 2688 1983 2718 In
