2201 2990
620 118 778 149 VITAM
803 118 1031 149 AUCTORE
1057 117 1347 148 PORPHYRIO.
1372 129 1404 160 p.
1422 118 1497 150 lxiii.
1513 119 1586 150 lxiv.
1931 122 1978 153 cix

222 207 347 239 retinuit
369 207 399 237 in
425 204 596 236 Heliodoro
613 204 678 234 IX.
694 212 725 245 5.
742 203 792 233 fin.

221 259 260 290 de
275 259 368 300 hujus
385 256 469 287 verbi
487 255 514 286 vi
534 254 633 285 activa
655 261 685 285 et
709 253 840 284 neutrali
861 261 891 284 et
906 253 945 283 de
966 253 1066 284 forma

219 310 283 351 agit
307 321 335 351 p.
354 308 425 339 286.
448 306 497 337 cui
520 306 619 348 junge
644 305 783 335 Bastiutn
809 304 839 335 in
864 304 965 346 Epist.
984 304 1063 335 Crit.

218 372 251 403 p.
267 362 317 402 38.
334 366 364 389 et
382 357 513 389 Hasium
537 356 575 387 ad
598 357 697 387 Leon.
715 355 845 386 Diacon.
862 355 916 385 lib.
935 356 1006 385 ΙΙΙ.
1030 367 1061 397 p.

218 420 289 451 209.
306 409 359 452 qui
375 409 464 440 etiam
483 408 602 438 tertiam
620 408 749 438 formam
768 407 900 446 ε’ρειπιύω
922 414 952 437 et
970 418 1062 448 quar-

217 469 277 492 tam
306 461 426 500 ἐρειπόω
452 472 469 490 0
499 459 699 501 scriptoribus
731 457 938 488 ecclesiasticis
967 457 1059 488 eruit.

216 513 392 543 Perfectum
420 511 501 542 Pass.
529 518 573 541 est
599 510 629 540 iu
655 509 814 540 Plutarchi
840 509 919 539 Vitis
944 510 1059 540 Decem

215 565 351 595 Oratorr.
378 574 407 604 p.
425 563 496 603 837.
522 573 552 604 p.
569 562 643 602 360.
660 561 786 603 XVytt.:
818 560 851 591 τὸ
873 562 1061 599 μνῆμα-τὰ
1079 564 1102 591 Β

214 617 266 646 νῦν
282 613 531 653 κατερηρειμένον.
579 612 632 642 Α(1
656 619 874 654 argumentum
892 611 957 642 haec
973 612 1060 643 addit

215 666 360 697 Fabria:
386 665 545 695 Antonius
561 663 650 706 Pagi,
668 663 714 694 vir
729 663 867 700 doctiss„
888 664 918 694 in
944 664 1060 695 Critica

213 717 387 749 Baroniana
403 717 443 747 T.
459 717 486 747 I.
503 728 532 758 p.
551 717 621 755 278.
647 727 706 745 non
728 715 862 745 absurde
885 715 1060 757 suspicatur

211 769 269 800 hoc
284 769 323 800 ab
336 768 478 799 Gallieno
494 767 616 809 petiisse
633 766 792 797 Plotinum
810 766 839 796 in
859 767 1060 808 Imperatoris

210 821 291 852 illius
308 819 536 851 Decennalibus
553 819 633 849 AC.
654 817 749 859 263.''
775 818 859 848 U.C.
876 819 965 848 1016.
1004 818 1059 848 Ni-

210 872 321 902 mirum
348 871 406 901 hoc
429 882 510 900 anno
535 870 712 900 Gallienum
740 870 873 899 Romam
901 881 1058 900 reversum

840 203 994 244 Corayus,
1011 202 1064 244 qui
1083 203 1109 230 A
1129 201 1186 232 hoc
1202 202 1269 233 loco
1284 202 1380 240 λέξεις
1395 210 1426 234 et
1442 203 1573 242 ὀνόματα
1594 204 1675 235 idem
1700 214 1788 237 sunt:
1815 209 1973 245 vocabula,

1128 253 1230 284 verba.
1279 253 1366 283 Alibi
1390 253 1470 291 λέξις
1493 263 1539 284 est
1563 254 1706 293 elocutio,
1733 259 1815 288 ratio
1841 260 1972 290 dicendi.

1127 303 1196 334 Vid.
1214 304 1340 335 Ernesti
1360 305 1439 335 Lex.
1457 305 1609 336 Technol.
1628 306 1685 336 Gr.
1704 307 1797 339 Rhet.
1815 321 1845 350 p.
1862 311 1974 349 196.—

1125 354 1257 398 Dionys.
1283 355 1386 386 Halic.
1412 357 1482 387 Art.
1508 356 1640 387 Rhetor.
1660 358 1705 387 X.
1724 366 1752 397 7.
1776 371 1807 400 p.
1825 370 1897 400 300.
1922 363 1970 392 ed.

1126 406 1265 437 Schott.:
1291 408 1318 437 οἱ
1341 408 1373 437 δὲ
1396 407 1428 437 τὸ
1450 407 1626 447 παράσημον
1642 410 1692 446 τῆς
1714 409 1822 447 λέξεως
1845 412 1971 450 ἀναγκά-

1123 462 1231 494 ζονται,
1246 460 1273 489 εἴ
1283 471 1338 489 που
1353 472 1380 489 τι
1396 459 1618 499 ἆνακεχωρηκὸς
1634 460 1727 498 ὄνομα
1743 459 1759 498 ἦ
1771 462 1846 499 ῥῆμα
1863 464 1972 500 εἴρηται

1124 523 1147 539 κ.
1159 522 1182 539 τ.
1196 514 1227 540 λ.
1247 509 1299 540 ubi
1316 510 1377 540 vid.
1399 510 1517 541 Schott.
1565 511 1633 541 Vox
1655 510 1830 550 παράσημον
1850 514 1973 553 proprie

1122 560 1161 591 de
1179 561 1364 592 numismate
1387 568 1557 604 usurpatur
1573 569 1644 592 nota
1663 562 1803 593 falsitatis
1818 562 1971 604 insignito.

1123 612 1195 642 Vid.
1217 613 1316 643 Photii
1335 614 1410 643 Lex.
1428 614 1557 644 Porson.
1575 621 1604 644 et
1622 614 1722 644 Dobr.
1746 626 1777 656 p.
1794 615 1867 655 336.
1887 615 1969 656 Lips.

1123 664 1224 695 Lexx.
1236 664 1383 695 Rhetorr.
1395 664 1425 694 in
1438 664 1571 695 Bekkeri
1583 665 1722 696 Anecdd.
1737 666 1812 696 Grr.
1826 667 1853 696 I.
1866 677 1970 708 p.192.

1121 723 1151 746 et
1168 727 1198 757 p.
1215 724 1285 756 292.
1303 715 1332 746 in
1349 715 1522 755 παράσημος
1544 716 1647 756 ῥήτωρ,
1670 728 1742 758 quae
1764 718 1973 759 comparanda

1121 774 1193 797 sunt
1209 778 1279 797 euin
1298 768 1486 809 Harpocrat.
1504 767 1534 798 in
1559 768 1666 798 eadem
1690 768 1825 799 formula
1847 780 1879 810 p.
1899 770 1969 800 280.

1120 818 1169 860 cuj
1177 830 1210 849 us
1226 818 1327 849 locum
1345 819 1521 849 emendavit
1535 820 1650 850 Cora'e's
1665 819 1695 850 in
1712 827 1831 850 annott.
1848 820 1879 850 in
1898 820 1972 851 Plu-

1120 870 1218 900 tarchi
1243 871 1332 900 Brut.
1357 882 1382 901 c.
1404 880 1433 901 2.
1458 870 1543 901 haec:
1568 870 1743 910 Ἑλληνιστὶ
1767 873 1797 902 δὲ
1821 872 1873 910 τὴν
1897 873 1968 903 ἀπο-

210 931 281 954 vota
293 922 472 953 decennalia
486 921 621 958 solvisse,
634 920 803 951 vicennalia
820 920 987 963 suscepisse
1001 928 1058 951 tes-
1076 927 1100 954 C
1120 922 1323 961 φθεγματικὴν
1346 922 1391 952 καὶ
1417 922 1589 960 Λακωνικὴν
1615 923 1791 961 ἐπιτηδεύων
1816 927 1970 963 βραχυλο-

208 983 314 1006 tantur
331 973 427 1010 numi,
444 973 483 1003 de
499 972 614 1014 quibus
630 972 761 1003 Eckhel.
779 973 910 1003 D.N.V.
929 973 1006 1003 VII.
1025 984 1056 1015 p.

206 1036 280 1068 393.
320 1027 477 1056 Caeterum
494 1024 532 1055 de
549 1024 607 1054 hoc
622 1024 748 1054 consilio
764 1024 901 1054 certatim
920 1035 1057 1066 pronun-

207 1077 334 1115 tiarunt,
351 1077 404 1118 qui
423 1087 515 1118 supra
532 1075 620 1106 nobis
635 1075 864 1106 commemorati
885 1083 968 1113 sunt,
988 1075 1055 1105 Til-

207 1129 333 1167 lemont,
350 1128 489 1165 Gibbon‚
505 1127 595 1158 etiam
616 1126 744 1169 Baylius
767 1126 796 1156 in
822 1126 906 1156 Diet.
931 1138 961 1168 p.
981 1134 1053 1167 759.

208 1180 403 1212 Credibilene
426 1187 471 1210 est
495 1178 652 1209 Plotinum
677 1178 792 1220 fugisse
815 1177 900 1220 quod
917 1189 954 1208 ex
971 1189 1055 1208 com-

206 1231 292 1262 muni
308 1231 468 1261 hominum
481 1230 601 1272 judicio
617 1229 774 1271 eloquitur
791 1229 899 1259 Cicero
915 1229 954 1259 de
971 1230 1053 1270 Rep-

1119 973 1188 1012 γίαν
1207 974 1239 1003 ἐν
1254 976 1317 1005 ταῖς
1340 975 1512 1006 ἐπιστολαῖς
1536 974 1657 1014 ἐνιαχοῦ
1678 974 1852 1013 παράσημός
1875 976 1967 1010 ἐστιν,

1119 1024 1172 1054 ubi
1188 1024 1226 1055 ad
1245 1024 1398 1055 hominem
1417 1025 1613 1056 transfertur.
1655 1025 1725 1056 Vid.
1743 1025 1844 1056 Coraii
1861 1033 1966 1056 annot.

1117 1087 1147 1117 p.
1171 1085 1246 1114 411.
1302 1076 1416 1106 Morali
1445 1076 1596 1107 sententia
1622 1076 1694 1107 item
1725 1076 1764 1107 de
1791 1076 1968 1107 homiuibus

1119 1135 1250 1169 usurpat
1266 1135 1374 1158 auctor
1386 1127 1415 1157 in
1428 1128 1622 1159 Plutarcheis
1638 1128 1677 1158 (le
1694 1140 1831 1169 puerorr.
1845 1128 1966 1159 educat.

1117 1190 1148 1220 p.
1163 1189 1192 1216 4.
1206 1190 1231 1209 e.
1250 1190 1281 1220 p.
1297 1189 1342 1219 13.
1355 1180 1479 1221 iV-vtta
1507 1179 1660 1220 (πατέρες)
1686 1181 1850 1220 ἀνθρώποις
1873 1182 1968 1211 ἀδοκί-

1115 1243 1180 1268 μοις
1196 1231 1243 1260 καὶ
1258 1230 1442 1269 παρασήμοις
1466 1232 1661 1271 ἐγχειρίζουσι
1684 1231 1750 1263 τοὺς
1772 1234 1887 1263 παῖδας.
1913 1231 1964 1262 ubi

208 1284 256 1313 II.
278 1293 310 1313 11
328 1296 334 1313 :
360 1286 381 1300 ‘⁶
395 1282 476 1312 Nam
501 1281 645 1323 princeps
665 1280 727 1318 ille,
745 1292 808 1322 quo
824 1291 914 1310 ncino
930 1280 960 1310 in
983 1280 1053 1310 scri·
1072 1288 1098 1315 D
1115 1292 1196 1311 cons.
1213 1282 1380 1323 iVyttenb.
1397 1281 1589 1312 Animadvv.
1608 1294 1637 1324 p.
1652 1292 1703 1321 91.
1720 1294 1763 1323 sq.
1791 1283 1846 1313 Cr.

204 1334 306 1364 bcndo
321 1332 516 1376 praestantior
532 1332 602 1371 fuit,
615 1343 715 1362 aream
734 1332 791 1362 sibi
807 1331 926 1370 sumsit,
942 1331 972 1361 in
991 1343 1054 1373 qua

203 1385 357 1416 civitatem
385 1391 556 1415 exstrueret
582 1383 733 1414 arbitratu
762 1395 841 1413 suo:
872 1382 1051 1425 praeclaram

203 1436 284 1467 illam
307 1436 433 1478 quidem
457 1435 597 1472 fortasse,
615 1434 667 1465 sed
691 1446 709 1465 a
729 1434 793 1465 vita
815 1433 975 1464 hominum
999 1434 1053 1464 ab-

202 1487 377 1518 horrentem
395 1494 425 1517 et
441 1486 607 1517 nmribus”
633 1486 699 1525 (ubi
717 1485 779 1515 vid.
799 1487 884 1527 Aug.
905 1485 983 1516 Maii
1000 1497 1053 1516 an-

203 1540 299 1578 not.):
327 1537 409 1568 Mihi
434 1537 559 1579 quidem
585 1548 645 1567 non
669 1536 823 1567 credibile.
870 1537 1050 1568 Putaverim

202 1589 297 1632 igitur
314 1589 486 1625 Plotinum,
504 1588 569 1630 qui,
585 1596 620 1619 ut
643 1588 747 1631 plures
773 1588 925 1619 Platonici
949 1600 1049 1619 recen-

201 1641 303 1679 tiores,
317 1640 556 1683 Pythagoricam
570 1640 663 1670 vitain
678 1647 856 1677 sectaretur,
870 1648 900 1671 et
911 1640 1049 1670 locorum
1068 1651 1092 1678 Ε

201 1692 292 1723 etiam
314 1692 470 1723 vicinitate
493 1691 700 1733 Pythagoreae
723 1691 765 1722 rei
789 1691 921 1732 publicae
944 1691 1050 1722 admo-

201 1751 337 1781 neretur,
354 1744 410 1774 hoc
427 1742 543 1774 consilii
559 1742 685 1785 cepisse,
698 1754 761 1784 quo
777 1750 957 1784 segregatus
972 1754 989 1773 a
1006 1754 1051 1773 re-

200 1797 354 1839 liquorum
383 1797 544 1827 hominum
575 1796 776 1827 multitudine
802 1803 832 1827 et
860 1796 952 1827 turba
978 1808 1048 1826 cum

203 1848 265 1879 suis
286 1848 492 1890 Pythagorice
515 1855 546 1879 et
570 1847 729 1878 Platoniee
752 1847 877 1878 viveret.
924 1849 968 1878 Et
992 1848 1050 1878 ΑΕ-

201 1900 311 1942 gyptio
333 1899 461 1937 homini,
481 1899 535 1941 qui
559 1901 736 1930 Essaeorum
754 1906 784 1929 et
801 1899 1048 1930 Christianorum

202 1951 342 1981 instituta
357 1951 466 1981 similia
483 1959 595 1987 nosset,
613 1950 661 1981 vel
680 1950 814 1981 maxime
836 1950 957 1992 placere
981 1958 1048 1992 pot-

202 2009 267 2032 erat
283 2002 339 2032 hoc
355 2002 524 2033 solitarium
540 2001 789 2039 contubernium,
807 2002 891 2044 quod
916 2014 976 2032 11011
993 2002 1049 2032 im-
1068 2014 1091 2041 F
1111 2000 1180 2031 ken.
1197 2001 1236 2032 ad
1253 2001 1338 2033 Tim.
1355 2013 1382 2031 v.
1401 2004 1574 2041 παρατενεῖς
1589 2012 1618 2043 p.
1635 2002 1705 2032 206.
1724 2013 1769 2043 sq.

202 2052 357 2094 pediebat,
373 2065 436 2095 quo
451 2053 563 2091 minus,
579 2053 664 2095 quod
681 2053 783 2084 adhuc
798 2054 922 2091 fecerat,
940 2061 969 2084 et
985 2053 1047 2084 dis-

201 2103 310 2146 cipulis
336 2104 503 2146 prodesset,
527 2112 557 2135 et
584 2104 748 2135 viduarum
774 2104 1048 2147 orphanorumque

200 2155 368 2185 commodis
383 2155 579 2197 prospiceret.
607 2157 662 2187 Cr.

245 2218 275 2248 p.
292 2205 364 2236 lxiii.
379 2212 401 2236 c·
420 2206 529 2246 Γέγονε
544 2207 734 2247 ὃὲ-φράσαι
748 2208 803 2246 μὲν
820 2207 1045 2239 ἱκανὸς-δυνα-

200 2257 338 2298 τώτατος]
365 2257 449 2287 Hine
465 2258 573 2288 sumsit
589 2258 730 2289 Eudocia
746 2270 777 2300 p.
790 2260 864 2299 363.
883 2258 966 2289 unde
981 2259 1043 2289 for-

200 2316 279 2339 tasse
296 2307 503 2349 recipiendum
521 2310 704 2341 ἱκανώτατος.
730 2309 815 2340 Libri
830 2318 931 2340 tamen
949 2310 1043 2341 nostri

200 2359 355 2401 vulgatam
375 2366 510 2389 tuentur.
536 2360 586 2390 Dc
601 2361 827 2391 constructione
842 2361 903 2391 vid.
922 2361 1043 2392 Gottle-
1062 2373 1089 2400 G
1106 2373 1170 2392 esse
1187 2361 1289 2391 locum
1305 2368 1441 2402 arguunt
1459 2360 1552 2391 variae
1567 2360 1721 2391 lectiones.

200 2411 264 2441 ber.
280 2410 319 2441 ad
336 2410 401 2440 haee
418 2410 615 2452 Thucydidis
633 2412 661 2442 I.
680 2423 712 2452 9:
732 2414 759 2443 εἴ
773 2425 811 2454 τῳ
829 2413 926 2445 ἱκανὸς
942 2426 1044 2452 τεκμη-

198 2465 313 2501 ριῶσαι.
338 2461 386 2491 Cf.
402 2461 518 2491 Matth.
535 2462 589 2491 Gr.
607 2473 652 2503 gr.
671 2463 701 2502 ξ.
713 2471 785 2504 535.
800 2463 832 2494 b.
849 2475 878 2506 p.
894 2474 983 2505 1049.
998 2476 1041 2506 sq.

199 2513 248 2543 ed.
266 2512 351 2543 alter.
380 2513 435 2543 Cr.

234 2576 264 2606 p.
278 2564 353 2594 lxiii.
364 2563 389 2594 (¹.
408 2565 440 2594 ἐν
456 2563 488 2593 δέ
504 2576 563 2593 τισι
578 2563 698 2601 λέξεσιν
713 2564 910 2606 ἁμαρτάνων]
930 2569 950 2584 “
962 2567 1043 2597 Con-

199 2615 245 2646 fer
256 2615 296 2646 de
312 2615 368 2645 hac
385 2614 571 2656 negligentia
585 2614 698 2645 Plotini
710 2626 804 2657 supra
819 2627 843 2646 c.
856 2617 904 2647 8.”
916 2618 1042 2648 Fabric.

200 2667 278 2697 Mox
297 2667 342 2696 καὶ
359 2667 439 2696 ἄλλα
459 2668 523 2696 τινὰ
545 2665 703 2705 παράσημα
724 2667 861 2704 ὀνόματα.
908 2668 1043 2699 Proinde

1158 1344 1189 1374 p.
1206 1332 1281 1363 lxiii.
1297 1339 1319 1362 ³.
1343 1335 1395 1363 τοῦ
1411 1333 1539 1363 νοῦ-Τὸ
1557 1336 1619 1372 φῶς
1642 1333 1872 1374 ἐπιλάμποντος]
1900 1335 1964 1364 Ac-

1115 1383 1176 1414 tive
1189 1383 1247 1414 1100
1259 1384 1386 1414 verbum
1402 1384 1485 1415 haud
1499 1384 1678 1426 infrequens
1692 1384 1858 1415 Platonicis
1872 1385 1966 1426 scrip-

1115 1435 1244 1474 toribus,
1263 1436 1393 1466 Proclus
1409 1436 1438 1466 in
1457 1436 1562 1467 Alcib.
1579 1448 1628 1478 pr.
1647 1437 1677 1476 ξ.
1690 1446 1740 1476 97,
1766 1448 1797 1478 p.
1814 1438 1889 1477 318.
1914 1436 1963 1467 cd.

1114 1496 1227 1518 nostin:
1254 1489 1281 1518 οἱ
1305 1488 1493 1518 θεοὶ-πᾶσι
1516 1491 1576 1520 τοῖς
1598 1488 1684 1518 οὖσιν
1710 1487 1908 1525 ἐπιλάμπουσι
1931 1488 1964 1517 τὸ

1114 1539 1237 1578 ἀγαθόν.
1262 1539 1302 1569 cf.
1319 1551 1350 1581 p.
1365 1548 1416 1579 52.
1436 1551 1467 1581 p.
1481 1549 1532 1580 30.
1556 1546 1587 1569 et
1610 1539 1732 1580 passim.
1780 1539 1857 1568 Mox
1881 1539 1964 1578 ἱδρὼς

1114 1589 1451 1631 ἐπέθει-Ὲῑεψιυηῑιιῑ
1476 1590 1533 1620 1100
1554 1590 1683 1620 verbum
1701 1589 1854 1626 Plotinus,
1873 1597 1907 1620 ut
1930 1601 1961 1632 p.

1115 1650 1187 1680 714.
1212 1642 1268 1672 A:
1307 1643 1359 1672 τοῦ
1385 1642 1483 1681 φωτὸς
1509 1644 1560 1672 τοῦ
1585 1641 1753 1674 ἐπιθέοντος
1781 1641 1824 1671 ἐπ’
1854 1642 1961 1674 αὐτοῖς.

1112 1704 1144 1734 p.
1164 1701 1235 1734 715.
1254 1695 1307 1723 A:
1340 1693 1425 1733 χάρις
1448 1692 1608 1723 ἐπιθέουσα
1631 1695 1669 1734 τῷ
1698 1692 1812 1723 κάλλει.
1865 1692 1962 1723 Plura

1111 1744 1183 1774 dedi
1210 1744 1249 1775 ad
1276 1756 1306 1787 p.
1324 1755 1376 1786 54.
1394 1745 1437 1775 A.
1463 1744 1614 1786 ejusdem,
1642 1743 1813 1786 praesertim
1841 1743 1872 1774 in
1897 1744 1960 1774 Ed.

1113 1795 1260 1826 Heidelb.
1279 1796 1317 1826 de
1335 1795 1465 1826 Pulcrit.
1495 1797 1551 1827 Cr.

1146 1858 1178 1889 p.
1197 1847 1270 1878 lxiv.
1287 1846 1313 1878 b·
1330 1851 1391 1879 πῶς
1406 1848 1422 1886 ἡ
1438 1847 1522 1887 ψυχὴ
1539 1847 1660 1877 σύνεστι
1676 1848 1715 1888 τῷ
1731 1847 1857 1887 σώματι]
1879 1851 1898 1865 “
1912 1847 1960 1878 De

1111 1898 1168 1928 1100
1191 1905 1376 1941 argumento
1400 1898 1543 1929 Plotinus
1569 1899 1655 1928 Eun.
1674 1898 1731 1928 IV.
1756 1897 1808 1928 lil).
1829 1908 1857 1928 2.
1883 1900 1959 1928 &0⁷⁷

1111 1950 1238 1980 Fabric.
1278 1951 1357 1980 Mox
1374 1949 1548 1989 παρέτεινεν
1564 1950 1745 1982 ἀποδεικνύς.
1764 1949 1832 1980 Vid.
1850 1950 1959 1980 Ruhn-

1817 2001 1956 2032 Deinde:

1110 2054 1286 2091 Θαυμασίου
1302 2052 1380 2085 τινὸς
1395 2054 1532 2091 τοῦνομα.
1569 2053 1723 2082 ,Extremo
1740 2052 1890 2083 vocabulo
1906 2053 1959 2083 ad-

1108 2103 1211 2133 dendo
1225 2104 1414 2146 Porphyrius
1426 2103 1592 2142 consuluit,
1608 2110 1642 2134 ut
1657 2105 1778 2134 Nomen
1796 2104 1956 2146 proprium

1107 2154 1297 2196 cogitemus:
1326 2155 1522 2197 ptenultimo,
1547 2167 1584 2186 ne
1609 2155 1762 2185 hominem
1788 2155 1903 2186 clarum
1928 2165 1957 2186 et

1108 2217 1229 2248 magum
1245 2206 1454 2241 auctoritatis;
1481 2218 1536 2237 nec
1557 2206 1699 2237 novimus
1722 2206 1847 2237 aliunde
1864 2207 1954 2248 quid-

1365 2259 1479 2288 l’orro:
1505 2258 1572 2290 τοὺς
1589 2259 1716 2288 καθόλου
1737 2259 1845 2297 λόγους
1865 2258 1954 2297 πράτ-

1760 2310 1829 2339 Non
1847 2321 1954 2339 sanum

1107 2269 1199 2299 quam
1217 2257 1255 2288 (10
1271 2270 1317 2288 eo.

1106 2321 1216 2344 τοντος,
1236 2310 1450 2340 καὶ-ἀκοῦσαι
1466 2309 1708 2339 αὐτοῦ-θέλειν.

1770 2362 1840 2402 1¹]go
1856 2368 1953 2390 tenta-

1106 2424 1226 2443 veram:
1253 2412 1478 2452 εἰσπράττοντος
1499 2413 1539 2443 εἰς
1559 2411 1678 2449 βιβλία,
1698 2412 1743 2441 καὶ
1760 2412 1883 2441 ἀκοῦσαι
1907 2411 1954 2441 (ιι)-

1105 2467 1156 2495 τοῦ
1181 2464 1241 2504 (vel
1265 2465 1399 2503 αὖτούς);
1427 2465 1508 2493 Cum
1532 2463 1744 2493 Thaumasius
1770 2462 1954 2492 universales

1104 2515 1329 2558 disputationes
1357 2515 1416 2545 sibi
1443 2515 1575 2556 aliisque
1605 2514 1745 2555 orig-err!
1774 2515 1803 2542 in
1835 2514 1952 2553 scriptu

1104 2567 1342 2608 trmrffi’remlas
1358 2573 1388 2596 et
1403 2578 1433 2596 sc
1449 2577 1518 2596 cum
1536 2566 1616 2604 (eos)
1630 2565 1738 2595 audire
1755 2563 1840 2593 velle.
1868 2562 1951 2592 Illud

1105 2620 1145 2650 εἷς
1171 2618 1210 2648 ab
1233 2625 1371 2648 extrema
1394 2616 1512 2659 syllaba
1537 2615 1738 2657 praecedentis
1762 2615 1870 2652 λόγους
1896 2624 1950 2653 op-

1104 2668 1193 2710 primi
1220 2675 1352 2710 poterat,
1378 2675 1407 2698 et
1434 2667 1572 2706 πράττειν
1597 2678 1666 2696 cum
1696 2664 1889 2703 εἰσπράττειν,
1922 2672 1951 2693 ct
