2201 2990
569 151 631 190 IN
662 149 772 188 LIB.
797 149 876 187 ΙΙΙ.
911 147 1164 186 ENNEAD.
1195 146 1490 185 SECUNDAE.

185 251 288 294 opinio
303 251 508 284 confirmatur,
524 247 577 288 qui
594 245 703 277 Veneri
721 243 912 275 Mercurium
929 251 1013 274 ante-

187 301 324 336 ponunt:
347 301 522 334 quanquam
546 297 575 319 et
604 289 658 330 qui
688 294 794 318 contra
819 286 946 323 faciunt,
965 297 1013 316 or-

185 337 256 367 dine
271 336 425 377 signorum
438 345 468 363 se
484 331 664 362 defendunt.
710 329 795 359 Sicut
811 329 889 359 euim
906 328 1016 358 domus

186 378 365 421 procedunt,
382 377 423 406 ita
439 375 574 417 planetas
598 372 719 415 disponi
735 371 851 402 volunt.
900 372 1017 401 Cancer

185 433 257 463 ergo
273 420 398 461 primam
424 417 508 459 ponit
529 418 670 447 Lunam:
697 416 763 445 Leo
789 414 888 444 Solem
910 425 1015 444 secun-

186 464 277 494 dum:
304 462 397 503 Virgo
418 459 608 491 Mercurium
634 458 774 488 tertium:
802 457 898 487 Libra
923 458 1018 487 Vene-

187 517 246 536 rem
264 512 403 546 quartam
419 516 424 533 :
452 502 595 544 Scorpius
614 501 757 542 quintum
782 501 934 530 Martem:
967 501 1019 529 Sa-

185 548 325 589 gittarius
340 555 459 577 sextum
472 546 582 575 Jovem
596 557 601 574 :
629 543 834 585 Capricornus
851 544 1018 573 Saturnum

186 590 357 632 septimum.
384 588 504 619 Deinde
520 599 605 618 versa
619 587 683 617 vice
700 593 870 627 ponuntur3
890 585 941 616 sed
954 585 1019 615 haec

187 633 227 663 illi
245 632 382 663 viderint.

189 721 393 755 t'onzpositiones
409 720 433 745 ἱιι
450 719 553 744 naturis
565 718 747 753 planetarum,
762 727 793 743 ac
808 718 915 742 ‹liverszr
932 717 998 743 vires
1011 727 1018 741 π

227 764 252 786 et
280 761 402 788 artiones,
430 762 454 784 cl
482 768 513 785 cx
536 759 635 784 canens
661 759 729 784 mira
755 758 810 783 taeli
838 760 1020 792 contempera-

230 801 273 827 tio.

233 847 291 877 Sed
309 846 398 876 redeo
413 845 450 875 ad
470 844 636 875 Plotinum.
685 845 765 874 Cum
782 850 905 880 asserat,
921 843 1022 873 omnia

189 891 218 920 in
234 889 307 919 caelo
322 889 428 923 calere,
445 888 557 929 frigere
573 887 658 924 nihil,
676 894 705 917 et
729 894 830 917 tamen
847 886 876 916 in
893 886 1019 927 quibus-

189 932 257 962 dam
282 931 377 973 magis
400 932 537 961 minusve
560 930 722 971 temperari
744 929 885 967 calorem,
902 929 1023 959 videtur

189 975 346 1005 humorem
358 973 416 1004 illic
428 985 497 1004 cum
510 973 608 1003 calore
618 973 803 1014 conjungere
815 985 820 1002 :
839 973 928 1013 cujus
943 983 1022 1002 com-

190 1017 334 1047 mixtione
350 1016 529 1058 temperatio
552 1017 613 1046 fiat.
661 1017 731 1046 Non
755 1015 835 1045 enini
859 1015 918 1045 illic
943 1015 1024 1045 calor

190 1060 356 1101 frigiditate
379 1059 566 1101 reprimitur,
584 1070 683 1100 neque
703 1070 734 1088 se
754 1058 820 1100 ipso
835 1058 960 1100 insuper
976 1070 1022 1088 re-

190 1104 347 1140 fraenatur,
369 1114 467 1144 neque
490 1112 591 1132 merus
614 1101 654 1131 ibi
679 1108 786 1143 regnat
808 1108 900 1142 atque
924 1100 1020 1131 solus:

190 1146 324 1187 alioquin
344 1157 404 1175 non
427 1145 498 1175 alibi
520 1144 626 1185 magis,
643 1156 735 1185 quam
758 1143 829 1174 alibi
853 1144 1023 1174 dominabi-

192 1197 250 1219 tur.
298 1190 422 1218 Humor
443 1187 536 1229 igitur
560 1187 629 1225 illic,
652 1187 683 1217 id
707 1194 761 1223 est,
787 1186 860 1216 lenis
883 1194 912 1217 et
938 1186 1025 1228 agilis

193 1231 364 1262 teneritudo
386 1230 539 1272 quaedam,
556 1238 585 1260 et
601 1229 684 1260 velut
702 1239 793 1260 uncta
812 1229 978 1271 liquiditas,
996 1237 1026 1260 et

192 1274 271 1304 alma
287 1273 486 1304 foecunditas:
505 1273 625 1310 humor,
638 1272 774 1314 inquam,
792 1272 968 1313 hujusmodi
984 1272 1026 1302 ibi

194 1325 258 1347 tum
283 1316 411 1347 calorem
433 1316 495 1353 alit,
514 1324 547 1346 ut
573 1323 686 1352 nectar,
703 1315 778 1345 sieut
800 1316 880 1345 calor
903 1315 956 1346 alit
979 1315 1026 1345 lu-

194 1371 263 1390 men
279 1360 362 1390 velut
378 1359 527 1389 ambrosia
541 1372 546 1389 :
573 1366 637 1388 tum
655 1366 770 1388 coercet
787 1358 972 1395 incendium,
990 1370 1027 1388 ne

195 1403 240 1433 vel
257 1414 293 1432 ex
310 1402 448 1432 incendio
463 1402 543 1432 calor
560 1401 683 1443 insuper
698 1401 761 1443 ipse
777 1401 941 1442 perdatur:
961 1409 1025 1431 tum

194 1445 375 1476 collisionem
402 1444 588 1486 spliaerarum
612 1451 750 1474 mutuam
778 1444 929 1485 probibet,
953 1443 1025 1473 alio-

193 1488 267 1529 quin
291 1500 328 1518 ex
352 1487 542 1529 rapidissimo
562 1495 646 1517 motu
666 1487 814 1524 futuram,
832 1487 1027 1528 sphaerasque

194 1538 223 1561 et
239 1531 296 1561 alia
313 1531 452 1572 protinus
466 1537 661 1560 exusturam:
687 1536 753 1559 tum
774 1529 906 1571 denique
928 1536 1029 1559 motus

196 1573 356 1615 radiosque
372 1573 444 1603 lenit
461 1580 491 1603 et
507 1572 629 1609 mulcet,
646 1584 708 1614 quo
728 1572 872 1602 blandius
887 1572 1030 1602 inferiora

195 1616 381 1658 contingant.
430 1617 508 1646 Haec
537 1615 639 1645 onmia
668 1615 785 1656 perficit
816 1615 945 1645 humor:
974 1615 1030 1645 hu-

196 1671 273 1697 mor,
296 1659 432 1700 inquam,
448 1658 587 1688 familiari
610 1658 701 1688 calori
723 1670 778 1688 suo
798 1657 875 1688 adeo
894 1670 1029 1688 necessa-

197 1702 268 1738 rius,
287 1710 320 1732 ut
340 1713 497 1743 nunquam
519 1701 650 1731 destillet
672 1701 742 1731 inde
764 1701 809 1731 vel
829 1700 958 1737 diffluat,
983 1701 1030 1731 vel

196 1745 325 1775 calorem
351 1745 452 1786 ipsum
477 1744 630 1774 obtundat
652 1751 681 1774 et
705 1744 840 1774 suffocet.
889 1744 1031 1774 Profecto

199 1787 274 1818 sicut
290 1788 320 1817 in
336 1787 436 1817 anima
452 1786 550 1817 vitalis
566 1795 667 1817 motus
682 1787 721 1817 ab
737 1786 859 1817 animali
876 1786 948 1824 vita,
965 1787 1031 1817 haee

199 1838 299 1860 autem
312 1830 350 1861 ab
366 1830 519 1860 intellectu
543 1829 705 1871 dependet,
722 1837 751 1860 et
773 1837 921 1867 servatur,
938 1837 1031 1871 atque

200 1873 328 1903 vicissim
342 1885 348 1902 ε
374 1873 414 1903 sic
429 1873 459 1902 in
474 1872 548 1903 caelo
562 1872 719 1914 liquiditas
734 1884 752 1903 a
766 1872 874 1909 calore,
888 1872 1031 1914 calorque

200 1926 217 1945 a
235 1915 357 1946 lumine.
396 1916 446 1945 Ita
460 1915 554 1957 igitur
569 1915 615 1945 vel
631 1915 762 1957 exempli
777 1927 869 1945 causa
883 1927 1031 1957 compone

201 1957 348 1988 ezelestia:
374 1958 404 1987 in
426 1959 558 1988 Saturno
580 1958 709 1988 calorem
726 1958 813 1988 valde
832 1966 956 2000 superat
972 1959 1031 1988 liu-

202 2011 284 2030 mor:
316 2001 353 2030 In
370 2001 473 2030 Marte
496 2000 584 2042 longe
603 2001 684 2031 calor
705 2001 882 2031 humorem:
908 2001 1034 2043 Jupiter

204 2043 312 2072 horum
338 2043 455 2073 medius
479 2043 606 2073 calorem
632 2044 718 2085 quasi
745 2044 858 2085 pariter
880 2055 949 2074 cum
975 2044 1032 2074 hu-

205 2096 287 2115 niore
315 2093 539 2126 contemperat:
576 2086 672 2116 Marti
701 2086 854 2128 deinceps,
887 2094 921 2117 ut
951 2098 1034 2117 more

205 2127 363 2158 Platonico
384 2127 530 2168 digeram,
546 2128 679 2159 succedit
704 2130 879 2160 Mercurius
903 2130 1034 2160 referens

207 2170 329 2200 Saturni
355 2178 513 2200 naturam:
538 2170 609 2201 huic
630 2172 732 2202 Venus
755 2173 840 2213 quasi
864 2172 1034 2203 mistionem

206 2213 327 2243 ‚loriam
345 2220 570 2254 repraesentans
607 2214 685 2244 Dico
706 2221 807 2245 autem
831 2215 928 2256 quasi,
945 2227 1036 2257 prop-

207 2264 251 2286 ter
266 2266 370 2285 eorum
387 2255 569 2295 opinionem,
586 2256 639 2297 qui
654 2264 765 2298 putant
779 2258 890 2288 Jovem
911 2258 1036 2299 quidem

205 2298 356 2328 declinare
386 2297 608 2338 aliquantulum
645 2299 683 2329 ad
718 2300 858 2337 calorem,
890 2301 1035 2331 Venerem

208 2352 278 2371 vero
299 2340 401 2382 potius
419 2340 457 2369 ad
477 2340 646 2378 humorem,
663 2341 714 2371 sed
738 2354 773 2372 ex
800 2343 949 2373 ambobus
964 2351 1038 2374 tem-

207 2383 319 2425 periem
336 2382 442 2413 confici
459 2383 715 2424 perfectissimam.
763 2384 814 2415 Sol
830 2385 940 2415 deinde
962 2386 1039 2417 sicut

207 2434 235 2456 et
268 2427 355 2456 Mars
384 2425 482 2455 calore
507 2425 594 2455 valde
622 2426 713 2456 vincit
741 2427 918 2457 humorem:
948 2429 1040 2459 Luna

208 2468 330 2499 tandem
347 2467 606 2509 quemzulmodum
629 2469 780 2499 Saturnus
797 2476 889 2510 atque
914 2471 1038 2501 Mercu-

209 2511 282 2548 rius,
299 2510 368 2552 plus
383 2510 549 2540 admodum
566 2510 701 2540 humoris
716 2511 860 2552 possidet,
876 2524 968 2553 quam
988 2525 1038 2543 ca-

210 2554 287 2584 loris.
335 2553 394 2583 Sed
419 2553 528 2583 horum
550 2553 640 2582 trium
664 2553 775 2583 humor
797 2553 838 2584 ita
861 2566 891 2584 se
913 2554 1039 2586 invicem

210 2596 320 2627 habere
337 2596 474 2626 videtur:
502 2595 625 2625 Saturni
646 2595 769 2636 quidem
792 2596 902 2627 liumor
925 2609 1041 2640 semper

212 2638 337 2669 recurrit
361 2638 399 2668 ad
426 2646 582 2669 centrum:
610 2638 709 2668 Lunae
731 2650 802 2669 vero
824 2639 862 2669 ad
885 2639 1042 2671 circumfe-

213 2683 338 2711 rentiam
369 2681 471 2722 potius
498 2680 611 2710 lumine
637 2689 787 2712 crescente
808 2681 932 2712 dilatat:
959 2683 1043 2714 Mer-

262 2734 352 2758 VOL.
373 2735 396 2758 I.

1818 162 1833 175 Ἴ
1847 162 1854 185 1
1869 162 1888 198 7

1058 242 1134 273 curii
1154 242 1286 283 denique
1307 242 1498 272 mediocriter
1514 242 1585 272 facit
1609 248 1784 282 utrumque.
1832 243 1890 273 Sed

1060 293 1094 315 ut
1111 286 1234 315 Lunam
1252 292 1397 326 repetam,
1415 284 1503 321 hanc,
1519 295 1589 314 cum
1610 284 1754 314 decrescit
1770 285 1893 323 lumine,

1059 327 1202 368 astrologi
1229 327 1378 357 doctiores
1405 327 1501 362 aiunt,
1527 337 1586 356 non
1611 326 1746 356 minuere
1768 328 1893 367 quidem

1062 370 1197 400 humoris
1212 369 1426 405 substantiam,
1444 369 1495 399 sed
1512 369 1550 399 ad
1567 376 1705 399 centrum
1722 369 1823 409 potius
1843 382 1890 399 co-

1061 413 1165 443 hibere
1188 413 1265 443 sicut
1288 412 1450 443 crescendo
1473 412 1590 448 dilatat,
1609 411 1693 452 quod
1715 418 1841 452 apparet
1865 412 1893 441 iu

1061 456 1148 493 mari,
1164 457 1253 498 cujus
1265 455 1411 486 dilatatur
1422 455 1512 485 etiam
1523 454 1705 496 amplitudo,
1716 454 1790 484 dum
1809 455 1895 484 Luna

1063 499 1196 529 medium
1220 498 1328 529 caelum
1357 498 1433 539 petit
1455 498 1493 527 ab
1517 497 1658 528 Oriente:
1684 497 1759 527 dum
1784 508 1855 526 vero
1881 509 1898 526 a

1063 541 1163 572 medio
1186 541 1224 572 ad
1250 543 1398 572 Occasum
1418 541 1526 577 tendit,
1543 540 1643 570 refluit
1666 540 1696 570 in
1719 546 1895 581 angustunr

1064 585 1174 626 Neque
1186 585 1306 615 interim
1317 583 1477 614 verisimile
1488 591 1534 613 est
1545 592 1605 613 tam
1617 582 1715 620 facile,
1726 591 1786 613 tam
1798 582 1899 612 subito

1064 639 1118 669 per
1148 628 1347 658 substantiam
1373 627 1490 667 augeri,
1518 626 1564 656 vel
1594 626 1700 656 minui.
1747 626 1899 655 Praeterca

1064 670 1145 701 calor
1166 671 1254 707 Solis,
1276 678 1305 701 et
1330 670 1443 700 Martis
1463 669 1614 699 differenti
1639 668 1811 699 conditione
1835 680 1897 709 mo<

1064 722 1174 744 ventur
1190 721 1219 744 et
1240 721 1381 743 movent:
1409 712 1520 743 Martis
1541 712 1677 753 quidem,
1695 711 1778 741 velut
1799 711 1828 741 iu
1846 723 1900 753 py-

1065 757 1231 787 ramidem:
1259 756 1347 793 Solis,
1369 756 1398 786 in
1422 756 1537 786 orbem.
1587 756 1623 784 In
1648 754 1770 785 duobus
1792 754 1898 795 igitur,

1066 800 1096 830 id
1119 807 1174 836 est,
1191 800 1271 829 -Jove
1293 799 1382 829 simul
1398 806 1427 829 et
1444 799 1572 835 Venere,
1588 797 1673 839 quasi
1697 809 1752 839 par
1774 805 1819 827 est
1843 797 1899 826 liu-

1067 843 1158 873 moris
1174 842 1273 884 portio
1282 850 1375 883 atque
1390 841 1513 872 caloris:
1533 841 1584 871 sed
1598 841 1676 871 enim
1693 852 1762 870 cum
1780 840 1809 870 in
1826 840 1902 870 duo-

1066 887 1124 917 bus
1140 885 1282 922 vicissim,
1308 885 1337 915 id
1362 893 1406 915 est
1429 885 1499 914 Sole
1524 885 1687 925 Marteque
1709 883 1799 923 louge
1822 883 1903 913 calor

1066 936 1240 970 exsuperet,
1257 939 1382 958 curnam
1401 928 1457 958 tria
1473 934 1553 963 sunt,
1573 928 1723 957 Saturnus
1740 926 1862 962 seilicet,
1873 933 1903 956 et

1069 971 1244 1002 Mercurius
1259 979 1352 1012 atque
1375 972 1476 1006 Luna,
1494 970 1523 1000 in
1547 969 1660 1011 quibus
1682 969 1794 999 humor
1814 981 1902 999 exce-

1067 1015 1143 1045 dat?
1168 1014 1248 1051 Quia
1271 1022 1299 1044 et
1323 1013 1404 1044 calor
1424 1013 1572 1043 efficacior
1592 1020 1647 1048 est,
1663 1024 1755 1054 quam
1780 1012 1902 1048 humor,

1067 1066 1097 1088 et
1115 1057 1192 1088 Solis
1207 1057 1381 1098 Martisque
1397 1056 1485 1087 simul
1503 1055 1596 1086 moles
1612 1063 1656 1085 est
1672 1056 1787 1097 ingens.
1829 1054 1904 1085 Ideo

1064 1101 1135 1142 jure
1153 1100 1307 1140 conjuncti
1331 1100 1403 1137 duo,
1421 1112 1437 1130 e
1458 1099 1579 1139 regione
1603 1098 1694 1128 trium
1718 1109 1811 1140 opera
1831 1104 1905 1128 tem-

1069 1151 1226 1185 perantur.
1273 1144 1377 1173 Tanta
1392 1142 1466 1184 quin
1487 1142 1577 1172 etiam
1594 1141 1700 1171 caloris
1715 1149 1760 1171 est
1775 1140 1906 1170 efficacia

1070 1187 1098 1216 in
1116 1187 1286 1222 humorem,
1305 1193 1338 1216 ut
1353 1186 1439 1216 faber
1454 1185 1518 1226 ipse
1540 1184 1647 1214 mundi
1664 1183 1794 1214 voluerit
1815 1183 1844 1213 iu
1862 1183 1906 1225 ip-

1069 1229 1107 1259 sis
1132 1229 1321 1270 sphaerarum
1345 1228 1487 1264 molibus,
1515 1239 1585 1268 quae
1610 1226 1709 1257 stellas
1739 1226 1906 1262 continent,

1070 1272 1228 1302 humorem
1246 1271 1356 1302 librata
1376 1270 1515 1313 portione
1536 1281 1679 1311 superare
1698 1268 1845 1299 calorem:
1872 1276 1907 1299 ut

1070 1315 1209 1357 portione
1229 1314 1335 1344 saltem
1358 1313 1445 1355 quasi
1469 1312 1615 1354 pondere,
1632 1320 1772 1342 naturam
1797 1312 1908 1341 humor

1071 1369 1155 1388 suam
1172 1357 1211 1387 ad
1227 1356 1387 1387 efficaciam
1404 1356 1511 1386 caloris
1526 1355 1678 1397 adaequet.
1720 1356 1788 1385 Hac
1803 1355 1907 1396 itaque

1070 1400 1186 1430 ratione
1210 1400 1339 1441 sphaerae
1361 1410 1465 1429 omnes
1489 1410 1582 1440 supra
1606 1406 1715 1428 terram
1745 1409 1834 1439 aquae
1858 1410 1909 1427 vo-

1070 1451 1190 1480 cantur,
1207 1452 1300 1484 atque
1318 1443 1395 1472 sicut
1416 1453 1497 1472 mare
1520 1441 1558 1471 ad
1575 1449 1684 1471 terram
1709 1453 1789 1481 aqua
1812 1447 1856 1470 est
1879 1449 1907 1470 et

1071 1486 1182 1527 liquor,
1195 1486 1235 1516 sic
1250 1490 1301 1516 a'er
1316 1494 1361 1516 est
1377 1485 1487 1515 humor
1502 1484 1540 1514 ad
1557 1496 1656 1514 mare:
1679 1484 1720 1514 sie
1738 1484 1838 1513 Lunae
1855 1483 1910 1513 cir-

1072 1529 1173 1559 cuitus
1197 1536 1239 1559 est
1266 1528 1366 1570 liquor
1389 1528 1428 1558 ad
1458 1532 1574 1558 aerem:
1606 1527 1646 1557 sic
1676 1526 1846 1568 superiores
1870 1526 1908 1556 ad

1074 1572 1155 1602 hunc
1172 1578 1200 1602 et
1224 1571 1262 1602 ad
1287 1584 1317 1602 se
1340 1571 1482 1612 deinceps
1497 1571 1608 1600 habere
1630 1569 1784 1605 videntur,
1802 1576 1836 1599 ut
1855 1580 1908 1599 su-

1073 1615 1193 1656 periora
1203 1626 1322 1656 semper
1337 1614 1480 1644 iuferiora
1492 1613 1615 1644 foveant
1631 1621 1660 1643 et
1677 1612 1804 1642 feliciter
1815 1612 1907 1642 alant.

1076 1659 1155 1688 Sunt
1179 1658 1273 1699 igitur
1295 1669 1384 1699 aquae
1409 1657 1466 1687 sub
1491 1657 1701 1686 firmamento:
1734 1662 1803 1685 sunt
1827 1662 1854 1685 et
1880 1655 1909 1684 in

1073 1701 1275 1736 firmamento,
1304 1708 1368 1730 tum
1399 1700 1429 1730 in
1457 1700 1522 1741 ipsa
1546 1699 1727 1729 firmamenti
1755 1697 1909 1739 temperie,

1075 1751 1139 1774 tum
1165 1744 1194 1773 in
1218 1743 1311 1773 stellis
1333 1744 1524 1773 firmamento
1547 1742 1725 1779 nitentibus,
1749 1752 1845 1782 eaque
1868 1740 1911 1770 in-

1075 1787 1183 1823 vicem,
1214 1798 1277 1828 qua
1306 1786 1447 1828 planetae,
1484 1786 1679 1827 proportione
1716 1783 1910 1825 compositis:

1075 1836 1147 1860 sunt
1165 1837 1194 1860 et
1217 1841 1307 1871 aquae
1328 1841 1419 1871 super
1443 1828 1543 1870 ipsum
1564 1828 1653 1858 etiam
1672 1828 1910 1864 firmamentum,

1075 1884 1152 1913 quas
1172 1879 1202 1902 et
1221 1873 1386 1902 astronomi
1410 1878 1590 1913 posuerunt,
1609 1878 1643 1901 ut
1665 1878 1766 1900 motus
1789 1869 1913 1899 omnino

1075 1915 1202 1957 simplex
1221 1915 1374 1956 duplicem
1396 1923 1426 1945 et
1448 1914 1622 1956 oppositum
1640 1913 1822 1943 firmamenti
1846 1924 1911 1942 mo-

1077 1966 1142 1988 tum
1154 1965 1240 2000 regat
1255 1965 1285 1988 et
1298 1959 1396 1988 ducat.
1433 1958 1532 1998 Super
1548 1957 1602 1987 lias
1614 1957 1685 1986 item
1700 1967 1795 1997 aquas
1811 1955 1912 1997 ignem

1077 2001 1226 2042 Theologi
1253 2009 1433 2042 posuerunt,
1458 2001 1488 2030 id
1513 2008 1568 2036 est,
1595 2010 1774 2041 empyreum
1804 1998 1912 2029 eaelum

1078 2044 1210 2085 amplius
1226 2043 1409 2085 crystallino.
1456 2045 1483 2073 A
1491 2050 1563 2084 tque
1581 2043 1638 2072 hoc
1654 2042 1790 2072 fortassis
1805 2050 1848 2071 est
1866 2041 1913 2071 lu-

1078 2098 1158 2123 men,
1180 2087 1263 2128 quod
1287 2086 1371 2128 apud
1398 2087 1531 2128 Moysen
1556 2087 1642 2116 Deus
1665 2092 1735 2115 ante
1760 2084 1860 2114 Solem
1885 2092 1913 2114 et

1078 2130 1201 2160 Lunam
1221 2138 1249 2159 et
1274 2129 1373 2159 stellas
1395 2129 1541 2159 accendit.
1590 2127 1709 2158 (saelum
1732 2128 1789 2158 lnoc
1812 2139 1847 2157 ea
1870 2139 1915 2157 ra-

1079 2173 1159 2203 tione
1184 2172 1393 2214 crystallinum
1419 2171 1590 2213 praecedere
1609 2171 1777 2213 judicatur,
1798 2182 1859 2211 qua
1885 2177 1915 2200 et

1080 2222 1176 2245 status
1202 2222 1331 2252 motum,
1355 2222 1383 2245 et
1415 2214 1496 2244 calor
1525 2215 1694 2244 humorem.
1742 2213 1800 2243 Sed
1828 2224 1915 2243 num-

1080 2258 1153 2299 quid
1171 2258 1201 2288 in
1223 2269 1368 2299 empyreo
1391 2257 1519 2287 calorem
1544 2257 1707 2287 comitatur
1727 2264 1755 2286 et
1780 2256 1914 2286 humor?

1082 2300 1390 2342 Comitaturquidem
1404 2300 1455 2330 sed
1471 2300 1634 2341 absorptus
1649 2299 1678 2329 in
1695 2299 1803 2340 ipsum.
1830 2299 1916 2329 Nun-

1082 2344 1157 2385 quid
1173 2355 1278 2374 rursus
1294 2343 1323 2373 in
1340 2342 1515 2384 crystallino
1530 2344 1610 2373 calor
1626 2342 1789 2372 comitatur
1806 2341 1916 2371 humo-

1082 2388 1168 2417 rem?
1194 2386 1369 2417 Comitatur
1398 2397 1479 2421 sane,
1511 2385 1562 2416 sed
1590 2393 1705 2416 tractus
1734 2384 1774 2415 ad
1804 2384 1914 2426 ipsum.

1084 2430 1186 2471 Atque
1209 2429 1250 2460 ita
1280 2429 1422 2470 deinceps
1452 2428 1598 2470 paulatim
1623 2427 1729 2458 crescit
1752 2428 1863 2457 humor
1887 2426 1916 2456 in

1083 2472 1219 2513 sphaeris,
1240 2472 1336 2503 donec
1358 2472 1416 2502 sub
1438 2471 1539 2502 media
1554 2471 1675 2502 taudem
1699 2471 1775 2501 aeris
1795 2470 1917 2511 regione

1084 2514 1204 2551 humor,
1222 2523 1251 2545 et
1268 2514 1350 2545 velut
1373 2514 1557 2556 superfluus,
1573 2522 1603 2544 et
1626 2520 1771 2555 tanquam
1788 2524 1805 2543 a
1820 2512 1917 2542 calore

1078 2557 1143 2598 jam
1159 2557 1275 2588 alienus
1290 2557 1409 2588 diffluat
1424 2564 1454 2587 et
1477 2564 1647 2598 spargatur.
1696 2555 1842 2597 Superius
1862 2566 1915 2583 au*

1085 2607 1144 2629 tem
1162 2612 1259 2641 usque
1279 2600 1356 2630 adeo
1371 2608 1416 2630 est
1431 2599 1506 2630 alter
1521 2600 1607 2630 alteri
1628 2598 1812 2629 necessarius
1826 2604 1918 2636 atque

1085 2641 1278 2680 domesticus,
1296 2650 1329 2673 ut
1352 2650 1382 2672 et
1404 2643 1515 2672 humor
1538 2642 1666 2672 calorem
1690 2640 1801 2671 nutriat
1826 2646 1917 2679 atque

1086 2684 1271 2722 moderetur,
1289 2692 1318 2715 et
1339 2685 1420 2715 calor
1442 2684 1599 2715 luunorem
1617 2685 1715 2714 foveat
1732 2690 1823 2723 atque
1844 2692 1915 2710 con-

1152 2729 1208 2761 rf
