2201 2990
292 155 370 206 548

293 251 331 281 de
346 251 412 292 ipso
427 256 497 280 ente
512 248 622 291 primo,
631 259 735 279 omnes
751 259 854 279 rerum
869 247 983 290 speeies
993 247 1130 290 proprie-

294 301 432 334 tatesque
446 292 560 335 pariter
575 291 775 322 affirmantur.
821 292 881 322 Est
895 290 977 321 enim
993 292 1061 321 fons
1075 302 1129 321 en-

294 337 371 367 tium
398 335 535 366 omnium
555 342 585 366 et
606 334 772 376 exemplar.
817 335 867 365 De
893 334 949 364 hoc
971 346 1045 376 ergo
1071 333 1129 364 diei

294 379 380 416 solet,
391 385 436 409 est
451 378 531 409 idem
544 385 574 409 et
590 378 721 408 alterum
734 377 851 413 stabile,
865 376 987 413 mobile,
1001 376 1129 418 aequale,

295 421 455 464 inaequale,
473 432 630 463 magnum,
642 432 773 463 parvum
789 427 882 462 atque
898 419 1016 450 similia.
1052 421 1131 450 Sunt

295 465 375 496 enim
396 464 444 495 hic
459 464 571 495 ideales
585 464 721 494 omnium
738 463 879 493 rationes.
924 463 973 492 De
994 473 1056 492 uno
1075 474 1130 492 au-

296 514 357 539 tem
375 519 518 549 supremo
535 508 599 537 11100
615 506 751 537 similiter
768 513 921 547 negantur
942 505 1062 535 onmia:
1087 511 1133 535 est

295 551 375 582 enim
392 550 451 581 illic
467 562 527 580 non
543 550 654 580 horum
670 550 778 586 forma,
792 548 843 578 sed
859 559 960 578 causa.
1007 548 1055 577 De
1072 558 1133 577 uno

295 594 419 625 tandem
435 593 551 629 infimo,
569 592 600 622 id
616 600 671 629 est,
690 591 824 628 materia,
843 589 946 620 omnia
961 590 1026 620 haec
1047 601 1135 631 aeque

295 645 465 679 negantur:
491 635 566 666 nihil
581 636 661 666 enini
678 634 770 665 habet
782 634 812 663 in
829 645 859 663 se
875 633 939 674 ipsa
955 632 1092 663 formale.

298 725 376 756 Quod
396 724 536 750 nataralia
557 732 609 749 non
628 723 680 748 sint
699 722 771 747 entia
786 729 858 751 vera,
880 723 905 746 el
928 720 998 754 quod
1019 720 1132 746 materia

336 765 443 791 dicatur
465 773 517 790 non
537 772 589 794 ens,
615 765 640 788 et
662 762 747 787 instar
768 761 867 795 speculi
889 760 1012 786 videatur
1037 760 1134 786 habere

327 805 447 841 Jbrmas,
464 813 530 839 quas
545 812 596 829 mm
613 802 690 828 habel
707 810 792 827 veras.

341 853 427 882 Inter
442 851 507 881 lia=c
531 849 582 879 ubi
606 848 658 884 ait,
678 846 830 877 naturalia
851 858 912 876 non
928 855 990 877 tam
1013 858 1077 876 esse
1099 858 1132 876 re

298 906 378 932 vera,
403 905 494 936 quain
527 904 589 922 esse
616 890 724 926 videri,
749 889 916 920 introducit
947 889 1131 931 Epicuream

296 937 449 980 quandam
465 934 678 976 objectionem,
694 944 756 974 qua
771 932 979 970 contenditur,
993 944 1050 969 105,
1063 944 1133 974 quae

296 980 483 1022 corpulenta*
500 985 580 1014 sunt,
593 976 670 1007 solas
681 987 783 1006 veram
796 976 955 1006 essentiam
968 975 1133 1017 possidere,

296 1024 389 1065 idque
405 1034 420 1052 e
436 1022 558 1051 duobus
575 1027 678 1061 patere
690 1019 855 1061 praecipue,
872 1026 949 1055 tum,
967 1018 1039 1060 quia
1063 1018 1133 1048 soli-

296 1067 391 1097 ditate
414 1076 469 1094 sua
494 1063 644 1094 dividenti
668 1062 824 1099 resistunt,
850 1069 927 1099 tum,
950 1061 1023 1103 quia
1046 1061 1135 1091 velie-

295 1108 543 1149 111011101011100111
560 1105 745 1148 percutiunt.
786 1105 1006 1146 Respondetur
1020 1104 1059 1135 ad
1076 1104 1136 1146 pri-

297 1163 392 1187 mum,
410 1161 537 1192 corpora
554 1148 704 1191 ejusmodi
728 1148 807 1178 dura
829 1148 903 1178 dum
921 1148 1065 1178 videntur
1089 1159 1134 1177 re-

295 1195 409 1231 sistere,
431 1193 549 1223 (liutius
574 1191 755 1234 percutienti
772 1198 843 1221 sunt
863 1191 1012 1233 exposita,
1028 1191 1135 1221 ictum-

296 1250 357 1279 que
379 1244 552 1278 expectant,
576 1242 738 1277 propterea
761 1234 844 1276 quod
867 1234 1053 1276 ineptissima
1075 1233 1135 1264 sint

295 1281 332 1311 ad
351 1282 468 1321 fugam,
485 1292 519 1309 ac
540 1286 665 1320 propter
685 1277 811 1308 eandem
829 1277 867 1307 ad
892 1284 1008 1307 motum
1027 1277 1134 1318 inepti-

297 1323 434 1355 tudinem
459 1322 705 1363 inefficacemque
729 1328 881 1357 naturam,
902 1329 1064 1362 postquam
1088 1319 1135 1350 di-

295 1367 359 1397 visa
371 1374 442 1396 sunt
458 1365 487 1395 in
505 1373 617 1407 partes,
629 1364 658 1394 in
675 1364 806 1406 priorem
817 1364 945 1393 formam
963 1363 1061 1393 redire
1074 1374 1134 1392 11011

296 1417 441 1452 possunt:
467 1420 595 1449 corpora
610 1419 682 1437 vero
698 1407 856 1438 subtiliora
873 1407 923 1436 ubi
941 1406 1048 1436 cedere
1069 1418 1135 1448 per-

295 1452 421 1484 cutienti
446 1451 600 1487 videntur,
624 1459 750 1492 propter
777 1449 944 1480 mirabilem
972 1449 1133 1480 efficaciam

296 1495 528 1535 subterfugiunt
542 1494 697 1524 celerrime
713 1493 894 1535 passionem,
906 1500 999 1534 atque
1014 1493 1054 1522 01)
1067 1504 1135 1522 ean-

295 1539 364 1569 dem
381 1537 690 1568 similiterefficaciam
708 1536 810 1567 subito
822 1536 951 1566 redeunt
966 1536 995 1566 in
1014 1548 1044 1566 se
1060 1535 1134 1577 ipsa.

297 1581 441 1623 Denique
467 1592 564 1622 (11111111
591 1587 693 1610 11101115
720 1579 749 1610 111
773 1579 866 1610 rebus
889 1579 925 1609 sit
949 1579 1028 1609 111-110
1051 1590 1135 1620 111110-

295 1625 378 1661 dam,
402 1624 536 1665 vitaque
558 1623 726 1665 plurimum
754 1622 903 1653 interioris
927 1622 1084 1658 indicium,
1105 1629 1135 1652 et

297 1668 413 1710 ubique
425 1667 461 1697 sit
479 1667 549 1697 vitre
562 1666 735 1707 vestigium,
750 1673 790 1704 ct,
801 1677 871 1707 111111ἱ
887 1665 1010 1695 mininie
1025 1676 1135 1706 eorpu-

297 1712 379 1742 lenta
395 1717 478 1747 sunt,
498 1709 725 1752 promptissima
744 1709 803 1739 sint
824 1708 862 1739 ad
888 1716 1017 1745 1110111111,
1032 1719 1135 1739 conse-

297 1766 394 1796 quens
409 1761 464 1789 est,
476 1760 629 1794 quatenus
646 1752 684 1782 ad
701 1752 910 1794 incorpoream
927 1759 1067 1782 naturam
1089 1762 1135 1781 res

296 1797 458 1833 accedunt,
475 1804 601 1827 eatenus
620 1795 659 1825 ad
676 1795 767 1825 vitani
786 1794 928 1825 motionis
943 1802 973 1825 et
995 1794 1135 1824 efficaciae

297 1848 481 1882 compotem,
495 1839 625 1880 ideoque
637 1838 676 1868 ad
692 1838 851 1869 essentiam
868 1837 1010 1868 accedere
1022 1848 1134 1873 veram,

297 1883 478 1925 corpulenta
494 1894 566 1913 vero
581 1882 620 1912 ab
637 1881 765 1912 essentia
781 1881 904 1911 cadere:
925 1892 987 1922 qua
1003 1880 1032 1910 in
1050 1888 1136 1922 parte

298 1926 500 1968 respondetur
522 1925 659 1955 similiter
681 1924 720 1954 ad
743 1924 922 1962 secundum,
938 1923 1049 1954 seilicet
1072 1935 1136 1953 eor-

298 1970 435 2012 pulenta,
452 1968 577 2011 quando
592 1968 622 1998 in
638 1967 754 2009 aliquid
771 1967 921 2004 incidunt,
937 1966 1047 1997 lzedere
1069 1978 1137 2007 gra-

299 2013 377 2050 vius,
398 2023 457 2042 11011
479 2011 553 2053 quia
577 2011 711 2041 firmiora
732 2010 802 2047 sint,
826 2010 878 2041 sed
904 2010 1049 2052 quoniam
1077 2010 1135 2039 sint

298 2067 422 2097 prorsus
435 2055 565 2091 infirma,
578 2054 655 2084 adeo
672 2061 705 2084 ut
721 2066 751 2083 se
767 2054 915 2084 sustinere
932 2064 989 2083 non
1003 2052 1134 2089 valeant,

298 2099 428 2140 ideoque
444 2098 509 2140 ipsa
524 2097 570 2128 sui
586 2097 674 2127 ruina
691 2108 825 2138 casuque
841 2096 981 2138 proxima
1002 2107 1135 2137 (1111011110

299 2141 420 2171 1101111111.
467 2142 546 2171 Nam
570 2148 599 2170 et
621 2140 675 2182 qui
696 2140 734 2170 ad
758 2139 929 2181 equitatum
956 2138 1135 2180 ineptissimi

300 2191 381 2220 sunt,
392 2183 423 2214 111
439 2196 534 2225 equos
548 2191 691 2225 premunt
709 2182 899 2224 potissimum
916 2190 1009 2223 atque
1024 2181 1135 2212 defati-

299 2234 393 2268 gant:
418 2234 446 2256 et
468 2227 645 2267 languentia
666 2237 793 2268 corpora
816 2225 1008 2267 gestantibus
1030 2236 1136 2255 onero-

299 2270 415 2300 sissima
434 2281 497 2300 esse
517 2269 622 2300 solent.
670 2270 744 2299 Post
768 2269 843 2305 baec,
868 2275 1020 2299 memento
1043 2274 1136 2298 mate-

300 2313 375 2343 riam
397 2312 521 2353 quidem
545 2324 607 2342 esse
633 2312 752 2342 inanem
778 2311 915 2342 ess-sentim
937 2311 1043 2352 primm
1067 2322 1134 2341 11111-

299 2356 397 2392 bram,
424 2355 537 2385 formas
561 2367 633 2385 vero
657 2355 827 2385 materiales
850 2366 913 2384 esse
942 2354 1038 2384 varias
1063 2354 1136 2384 ima-

299 2399 385 2441 gines
400 2397 548 2433 idearum,
566 2409 636 2438 qua*
652 2397 681 2427 111
702 2398 800 2439 prima
822 2397 1018 2428 continentur
1038 2408 1136 2427 essen-

299 2442 351 2479 tia,
376 2440 489 2471 nullam
513 2440 659 2470 habentes
681 2451 751 2470 cum
775 2440 832 2470 illis
851 2440 1080 2470 similitudinem
1103 2439 1134 2469 in

300 2492 420 2521 natura,
437 2483 578 2525 quamvis
593 2483 622 2512 in
642 2482 752 2513 effectu
773 2483 1011 2524 repraesentandi
1034 2482 1134 2513 simili>

300 2528 437 2559 tudinem
454 2525 588 2567 aliquam
601 2525 763 2555 videantur
780 2524 900 2555 habere.
949 2526 1051 2566 Atque
1067 2525 1136 2555 ideo

300 2569 455 2601 materiam
479 2569 574 2599 instar
596 2567 721 2610 speculi,
738 2567 813 2597 dum
830 2567 876 2597 vel
892 2567 970 2598 solas
989 2568 1135 2609 imagines

299 2613 419 2655 accipit,
441 2611 487 2642 vel
511 2611 588 2642 forte
616 2622 670 2641 nec
696 2610 768 2641 istas
792 2610 917 2651 quidem
937 2610 1057 2651 accipit,
1083 2610 1135 2640 sed

299 2657 422 2687 videtur
448 2654 594 2697 accipere,
617 2665 649 2684 re
669 2665 742 2684 vera
769 2652 842 2683 nihil
868 2652 943 2695 pati,
968 2653 1134 2694 praesertim

741 149 1167 190 ARGUMENTUM
1199 148 1431 188 MARSIL.
1465 148 1568 188 FIC.

1173 246 1318 289 quoniam
1333 246 1458 277 materia
1473 246 1503 276 in
1520 245 1615 283 aliud,
1632 257 1702 276 cum
1718 246 1783 289 ipsa
1799 247 1837 278 sit
1854 247 2009 286 ultimum,

1173 289 1281 320 resolvi
1297 301 1357 320 non
1374 296 1484 331 potest,
1501 288 1632 331 ideoque
1648 301 1702 320 nee
1718 289 1792 332 pati.
1840 290 1924 321 Huic
1940 302 2010 322 sane

1174 332 1258 364 nulla
1267 332 1433 363 formarum
1450 332 1601 363 contraria
1615 340 1670 369 est,
1681 344 1750 363 cum
1766 333 1908 363 omnibus
1923 345 2012 375 aeque

1174 375 1353 406 naturaliter
1383 375 1420 405 sit
1450 374 1598 415 exposita.
1654 375 1680 405 A
1707 375 1793 406 nulla
1822 376 1917 418 igitur
1946 377 2011 418 pati

1174 426 1292 461 potest:
1317 417 1568 460 quandoquidem
1585 429 1639 448 nec
1659 429 1729 459 quae
1744 418 1774 449 in
1790 419 1917 450 materia
1933 420 2012 450 fiunt

1175 461 1321 503 quaelibet
1341 473 1358 492 a
1381 460 1580 503 quibuslibet,
1597 460 1650 491 sed
1673 472 1691 490 a
1713 462 1870 492 contrariis
1891 462 2012 504 patiun-

1177 511 1237 535 tur.
1286 505 1366 535 Item
1390 505 1515 534 materia
1534 515 1570 534 ex
1594 504 1754 544 pumentia
1768 505 1875 536 formae
1896 505 2011 536 nullam

1177 547 1232 577 sibi
1263 547 1418 589 propriam
1446 546 1624 588 qualitatem
1650 547 1811 584 contrahit,
1838 548 1886 578 vel
1912 548 2012 579 virtu-

1180 597 1252 627 tem,
1283 597 1313 620 et
1341 590 1454 620 idcirco
1480 601 1539 620 non
1569 589 1704 631 patitur:
1729 589 1864 631 alioquin
1890 591 2012 632 jamdiu

1179 633 1260 663 facta
1279 640 1357 663 esset
1370 632 1558 663 familiariter
1579 632 1783 671 multiformis,
1800 633 1930 675 ideoque
1952 645 2012 664 non

1179 675 1257 706 foret
1286 675 1418 717 amplius
1447 676 1618 717 subjectum
1651 676 1944 714 communissimum,
1975 677 2015 708 ab

1176 718 1319 749 omnibus
1333 730 1422 760 aeque
1437 718 1606 749 formabile.
1650 719 1723 749 «Iam
1740 730 1811 749 vero
1827 719 1849 749 si
1865 719 1894 749 in
1916 719 2014 762 quali-

1178 761 1230 791 bet
1249 760 1427 792 alteratione
1449 761 1544 803 ipsam
1569 761 1697 802 subjecti
1720 762 1919 792 substantiam
1943 774 2012 805 per-

1180 814 1301 833 manere
1324 810 1455 845 oportet,
1479 804 1679 845 qualitatibus
1704 805 1824 835 interim
1855 814 2013 847 permuta-

1176 846 1224 883 tis,
1242 846 1341 876 multo
1361 846 1457 887 magis
1472 847 1501 876 in
1519 848 1772 878 transmutatione
1788 848 1944 879 mundana
1958 860 2012 879 ne-

1176 900 1256 919 cesse
1274 896 1319 919 est
1340 889 1496 919 materiam
1516 901 1703 930 permanere.
1750 891 1892 932 Denique
1915 903 2012 933 quum

1177 931 1377 962 substantiale
1397 931 1513 973 aliquid
1534 932 1564 962 in
1584 933 1712 963 nihilum
1739 934 1847 964 resolvi
1875 934 1940 976 ipsa
1962 946 2014 965 na-

1179 982 1257 1005 turae
1283 974 1403 1005 bonitas
1425 974 1548 1005 minime
1574 975 1718 1016 patiatur,
1740 977 1918 1007 substantiae
1942 989 2014 1008 vero

1179 1017 1329 1059 simplices
1352 1025 1506 1059 nequeant
1526 1017 1555 1047 in
1575 1017 1658 1048 aliud
1678 1019 1864 1061 quandoque
1884 1019 2011 1051 resolvi:

1179 1061 1288 1091 merito
1303 1072 1403 1102 neque
1418 1060 1526 1090 forma)
1542 1060 1691 1102 simplices
1706 1061 1735 1091 in
1753 1073 1783 1092 se
1806 1063 2014 1101 subsistentes,

1179 1115 1279 1145 neque
1305 1103 1430 1134 materia
1451 1103 1577 1145 simplex
1600 1103 1698 1145 perire
1721 1104 1886 1146 aliquando
1913 1106 2014 1147 pative

1178 1154 1315 1189 possunt.
1362 1146 1497 1177 Materia
1524 1146 1631 1187 utique
1651 1158 1747 1188 quum
1772 1147 1809 1178 sit
1833 1148 1959 1186 malum,
1982 1149 2013 1180 id

1178 1199 1233 1223 est.
1250 1189 1382 1220 maxime
1397 1189 1513 1219 distans
1535 1189 1574 1219 ab
1596 1189 1661 1231 ipso
1677 1189 1768 1227 bono,
1786 1202 1845 1220 non
1862 1191 1903 1221 sic
1917 1203 2012 1234 appe-

1178 1233 1214 1264 tit
1230 1233 1357 1269 bonum,
1375 1239 1408 1262 ut
1424 1232 1563 1262 naturale
1578 1232 1694 1274 aliquid
1711 1232 1782 1263 inde
1798 1233 1853 1263 sibi
1872 1234 2013 1272 vindicet,

1178 1276 1230 1307 sed
1260 1284 1293 1306 ut.
1318 1275 1473 1317 quandam
1499 1275 1709 1316 imaginariam
1736 1276 1807 1306 inde
1829 1284 1943 1307 vestem
1967 1277 2012 1308 in-

1178 1319 1265 1356 duat,
1282 1326 1375 1360 atque
1390 1318 1493 1348 fallat:
1519 1326 1548 1349 et
1564 1330 1626 1359 quo
1642 1318 1738 1359 inagis
1753 1319 1782 1349 in
1800 1330 1854 1350 sua
1876 1319 2013 1351 informi-

1180 1369 1241 1393 tate
1262 1369 1429 1404 permanet,
1445 1373 1481 1391 eo
1501 1362 1597 1402 magis
1621 1369 1663 1391 est
1688 1362 1777 1398 mala,
1795 1362 1857 1392 sive
1878 1362 2012 1394 malum:

1179 1417 1278 1447 neque
1294 1404 1393 1435 calefit
1409 1404 1544 1442 materia,
1560 1404 1611 1434 sed
1628 1405 1848 1446 compositum:
1866 1405 1931 1447 ipsa
1943 1418 2016 1437 vero

1178 1448 1307 1479 calorem
1325 1448 1465 1485 sustinet,
1483 1459 1553 1477 mox
1577 1447 1754 1489 depositura
1775 1448 1905 1479 calorem
1928 1449 2015 1491 quasi

1179 1499 1304 1528 vestem,
1336 1491 1460 1521 minime
1488 1498 1661 1532 permutata
1692 1499 1810 1522 natura.
1876 1492 2015 1523 Rursum

1178 1534 1303 1576 quando
1320 1534 1469 1564 dividitur
1477 1533 1605 1575 aliquid,
1620 1534 1785 1575 quantitas,
1797 1542 1827 1565 et
1841 1535 1924 1576 quod
1937 1535 2016 1566 hanc

1179 1578 1327 1619 sequitur,
1347 1576 1506 1613 dividitur,
1531 1588 1590 1607 non
1613 1577 1747 1614 materia,
1764 1589 1835 1619 quae
1859 1578 2015 1619 quantita-

1179 1628 1238 1651 tem
1257 1628 1365 1651 natura
1384 1620 1542 1662 pra‘eedit.
1589 1619 1683 1661 Atqui
1706 1620 1968 1661 quemadmodum
1984 1621 2015 1652 in

1178 1663 1367 1706 proeessione.
1382 1662 1529 1699 colorum,
1546 1671 1746 1705 postremum,
1763 1663 1792 1693 id
1809 1671 1864 1700 cst,
1876 1663 2014 1705 nigredo,

1179 1706 1251 1737 nihil
1276 1706 1367 1737 babet
1391 1705 1493 1748 primi,
1509 1706 1539 1735 id
1563 1713 1618 1743 est,
1634 1706 1800 1736 albedinis:
1826 1706 1866 1736 sic
1890 1707 2015 1737 materia

1180 1750 1321 1781 ultimum
1339 1750 1368 1779 'm
1389 1749 1455 1791 ipso
1475 1749 1590 1779 entium
1609 1749 1765 1785 descensu,
1782 1749 1855 1779 nihil
1872 1749 1918 1779 vel
1935 1750 2016 1780 intra

1180 1806 1210 1824 se
1225 1793 1358 1835 possidet
1374 1791 1469 1822 simile
1486 1791 1594 1834 primo,
1613 1792 1658 1822 vel
1675 1792 1705 1821 in
1722 1791 1798 1822 facie
1814 1792 1937 1834 suscipit
1959 1793 2014 1823 ali-

1180 1836 1256 1877 quid
1279 1836 1317 1866 110
1342 1843 1452 1865 1111111111
1476 1835 1576 1876 111-11111,
1601 1834 1653 1865 sed
1678 1834 1844 1865 imitamina
1871 1835 2014 1876 quaedam

1180 1880 1331 1909 duntaxat
1352 1878 1460 1908 inania.
1508 1879 1615 1919 Atque
1640 1885 1765 1919 propter
1784 1885 1950 1909 extremam
1975 1878 2014 1909 ad

1180 1922 1312 1964 primum
1328 1921 1546 1957 diversitatem,
1564 1920 1681 1950 nullum
1700 1932 1736 1950 ex
1753 1920 1921 1962 imaginum
1934 1921 2016 1952 illius

1180 1965 1341 2007 praesentia
1356 1975 1492 2006 saporem
1510 1963 1588 1993 entis
1608 1963 1663 1993 sibi
1679 1963 1867 1994 familiariter
1882 1964 2017 1996 vindicat

1182 2008 1227 2039 vel
1244 2008 1380 2045 odorem,
1396 2014 1431 2037 ut
1449 2006 1487 2037 ad
1505 2006 1657 2048 quaslibet
1672 2008 1785 2037 formas
1805 2007 1835 2037 in
1859 2014 2014 2048 posterum

1178 2051 1374 2087 adventuras,
1400 2058 1687 2092 quantumcumque
1713 2057 1886 2091 repugnent
1909 2050 2016 2093 priori-

1179 2095 1247 2131 bus,
1259 2094 1323 2136 ipsa
1333 2094 1370 2124 sit
1385 2093 1422 2123 ad
1437 2092 1619 2135 capiendum
1633 2104 1720 2134 aeque
1733 2101 1849 2134 parata.
1876 2093 2015 2124 Maxime

1179 2149 1252 2168 vero
1266 2137 1344 2167 inter
1360 2137 1424 2166 baec
1441 2136 1470 2166 id
1486 2135 1670 2172 observabis,
1687 2135 1771 2177 quod
1787 2136 1839 2172 ait,
1853 2136 2014 2174 naturalia,

1179 2180 1202 2210 si
1229 2192 1298 2211 011111
1322 2179 1432 2210 divinis
1454 2187 1680 2220 comparentur,
1705 2189 1765 2208 non
1790 2179 1933 2220 majorem
1963 2179 2015 2210 ha-

1179 2223 1250 2254 bere
1277 2222 1489 2259 substantiam,
1513 2233 1605 2263 quam
1628 2221 1775 2261 imagines
1797 2233 1960 2263 corporum
1984 2222 2013 2253 in

1180 2266 1309 2308 speculis
1335 2272 1526 2307 apparentes.
1574 2265 1636 2294 Nec
1660 2263 1747 2294 aliter
1774 2264 1838 2295 lime
1861 2276 1879 2294 a
1905 2265 2015 2296 divinis

1178 2318 1329 2351 perpetuo
1345 2308 1528 2350 dependere,
1544 2318 1635 2348 quam
1658 2306 1805 2348 imagines
1825 2307 1864 2337 ab
1879 2307 2014 2349 objectis.

1181 2354 1255 2383 Huc
1286 2351 1455 2383 Solomonis
1485 2349 1560 2380 illud
1591 2349 1704 2380 tendit:
1745 2350 1857 2380 Omnia
1886 2351 2014 2382 vanitas.

1181 2397 1255 2426 Huc
1270 2395 1346 2425 illud
1372 2394 1479 2425 Pauli:
1506 2392 1652 2423 Videmus
1678 2404 1760 2423 nune
1784 2404 1837 2434 per
1856 2393 2013 2435 speculum

1179 2439 1208 2469 in
1235 2438 1406 2479 aenigmate.
1454 2435 1514 2467 Sed
1544 2435 1688 2477 quoniam
1716 2447 1798 2466 nunc
1827 2443 1858 2466 et
1887 2447 2016 2478 corpora

1179 2481 1329 2519 videmus,
1354 2488 1384 2511 et
1409 2478 1585 2522 speculum:
1610 2490 1628 2508 a
1651 2478 1775 2520 quibus,
1802 2478 1830 2508 in
1856 2490 1919 2520 quo
1941 2480 2015 2510 ima—

1178 2525 1264 2566 gines
1279 2524 1403 2554 omnino
1426 2521 1610 2564 dependent,
1628 2521 1696 2551 ideo
1712 2522 1807 2563 ipsam
1833 2521 1862 2552 in
1888 2534 1918 2552 se
1941 2522 2015 2553 ima-

1178 2568 1284 2609 ginum
1316 2564 1572 2608 deprehendimus
1596 2564 1772 2601 vanitatem,
1796 2564 1930 2606 alioquin
1957 2565 2014 2596 nisi

1179 2610 1353 2640 videremus
1375 2608 1436 2646 illa,
1453 2608 1531 2638 hanc
1551 2607 1735 2648 redarguere
1756 2619 1815 2638 non
1839 2619 2011 2649 possemus:

1180 2653 1232 2683 sed
1248 2664 1319 2694 quae
1335 2651 1481 2693 imagines
1504 2658 1585 2687 sunt,
1605 2661 1668 2680 esse
1685 2662 1732 2681 res
1747 2662 1834 2681 veras
1853 2650 2014 2683 arbitrare-
