<?xml version="1.0" encoding="UTF-8"?>
<!DOCTYPE html PUBLIC "-//W3C//DTD XHTML 1.0 Transitional//EN"
    "http://www.w3.org/TR/xhtml1/DTD/xhtml1-transitional.dtd">
<html xmlns="http://www.w3.org/1999/xhtml" xml:lang="en" lang="en">
 <head>
  <title>
</title>
<meta http-equiv="Content-Type" content="text/html;charset=utf-8" />
  <meta name='ocr-system' content='tesseract 3.04.00' />
  <meta name='ocr-capabilities' content='ocr_page ocr_carea ocr_par ocr_line ocrx_word'/>
</head>
<body>
  <div class='ocr_page' id='page_1' title='image "./plotinioperaomni01plotuoft_0032.png"; bbox 0 0 2201 2990; ppageno 0'>
   <div class='ocr_carea' id='block_1_1' title="bbox 229 129 1449 171">
    <p class='ocr_par' dir='ltr' id='par_1_1' title="bbox 229 129 1449 171">
     <span class='ocr_line' id='line_1_1' title="bbox 229 129 1449 171; baseline -0.007 0"><span class='ocrx_word' id='word_1_1' title='bbox 229 149 276 171; x_wconf 86' lang='lat' dir='ltr'>xx</span> <span class='ocrx_word' id='word_1_2' title='bbox 738 130 1131 166; x_wconf 87' lang='lat' dir='ltr'><strong>PROLEGOMENA</strong></span> <span class='ocrx_word' id='word_1_3' title='bbox 1159 129 1449 164; x_wconf 86' lang='lat' dir='ltr'><strong>LITERARIA</strong></span> 
     </span>
    </p>
   </div>
   <div class='ocr_carea' id='block_1_2' title="bbox 233 226 1974 1841">
    <p class='ocr_par' dir='ltr' id='par_1_2' title="bbox 233 226 1971 1033">
     <span class='ocr_line' id='line_1_2' title="bbox 233 226 1962 276; baseline -0.006 -7"><span class='ocrx_word' id='word_1_4' title='bbox 233 237 286 269; x_wconf 89' lang='lat' dir='ltr'>ed.</span> <span class='ocrx_word' id='word_1_5' title='bbox 307 235 418 268; x_wconf 81' lang='lat' dir='ltr'>Paris,</span> <span class='ocrx_word' id='word_1_6' title='bbox 455 233 634 267; x_wconf 87' lang='lat' dir='ltr'>Benedict.</span> <span class='ocrx_word' id='word_1_7' title='bbox 654 233 701 266; x_wconf 88' lang='lat' dir='ltr'>X.</span> <span class='ocrx_word' id='word_1_8' title='bbox 722 235 753 265; x_wconf 78' lang='lat'>2.</span> <span class='ocrx_word' id='word_1_9' title='bbox 781 244 814 276; x_wconf 93' lang='lat' dir='ltr'>p.</span> <span class='ocrx_word' id='word_1_10' title='bbox 835 234 918 269; x_wconf 76' lang='lat'>239.</span> <span class='ocrx_word' id='word_1_11' title='bbox 938 230 1075 264; x_wconf 89' lang='lat' dir='ltr'>D.E.F.</span> <span class='ocrx_word' id='word_1_12' title='bbox 1095 236 1129 264; x_wconf 90' lang='lat' dir='ltr'>et</span> <span class='ocrx_word' id='word_1_13' title='bbox 1147 230 1194 264; x_wconf 89' lang='lat' dir='ltr'>X.</span> <span class='ocrx_word' id='word_1_14' title='bbox 1215 233 1271 263; x_wconf 82' lang='lat'>30.</span> <span class='ocrx_word' id='word_1_15' title='bbox 1300 242 1332 274; x_wconf 89' lang='lat' dir='ltr'>p.</span> <span class='ocrx_word' id='word_1_16' title='bbox 1353 228 1434 263; x_wconf 80' lang='grc'><strong>266.</strong></span> <span class='ocrx_word' id='word_1_17' title='bbox 1454 228 1499 262; x_wconf 92' lang='lat' dir='ltr'>A.</span> <span class='ocrx_word' id='word_1_18' title='bbox 1522 226 1616 273; x_wconf 79' lang='lat' dir='ltr'>Cr.].</span> <span class='ocrx_word' id='word_1_19' title='bbox 1669 226 1896 275; x_wconf 79' lang='grc' dir='ltr'>Φιλοζητητὴς</span> <span class='ocrx_word' id='word_1_20' title='bbox 1922 226 1962 259; x_wconf 70' lang='grc' dir='ltr'>ὢν</span> 
     </span>
     <span class='ocr_line' id='line_1_3' title="bbox 234 284 1961 337; baseline -0.005 -12"><span class='ocrx_word' id='word_1_21' title='bbox 234 292 331 337; x_wconf 63' lang='grc' dir='ltr'>ἄγαν,</span> <span class='ocrx_word' id='word_1_22' title='bbox 350 292 400 325; x_wconf 74' lang='grc' dir='ltr'>καὶ</span> <span class='ocrx_word' id='word_1_23' title='bbox 420 290 469 324; x_wconf 56' lang='grc' dir='ltr'>διὰ</span> <span class='ocrx_word' id='word_1_24' title='bbox 495 289 609 330; x_wconf 78' lang='grc' dir='ltr'>πάσης,</span> <span class='ocrx_word' id='word_1_25' title='bbox 629 291 667 325; x_wconf 82' lang='grc' dir='ltr'>ὡς·</span> <span class='ocrx_word' id='word_1_26' title='bbox 693 291 768 325; x_wconf 72' lang='grc' dir='ltr'>ἔπος</span> <span class='ocrx_word' id='word_1_27' title='bbox 796 290 903 327; x_wconf 73' lang='grc' dir='ltr'>εἰπεῖν,</span> <span class='ocrx_word' id='word_1_28' title='bbox 923 288 1141 334; x_wconf 77' lang='grc' dir='ltr'>ἶσχνομυθιάς,</span> <span class='ocrx_word' id='word_1_29' title='bbox 1160 287 1330 326; x_wconf 68' lang='grc' dir='ltr'>ἐληλακὼς,</span> <span class='ocrx_word' id='word_1_30' title='bbox 1349 288 1442 331; x_wconf 87' lang='lat' dir='ltr'>quod</span> <span class='ocrx_word' id='word_1_31' title='bbox 1461 284 1500 320; x_wconf 78' lang='lat' dir='ltr'>S.</span> <span class='ocrx_word' id='word_1_32' title='bbox 1518 284 1649 331; x_wconf 67' lang='lat' dir='ltr'>Cyl·illi</span> <span class='ocrx_word' id='word_1_33' title='bbox 1674 287 1716 319; x_wconf 82' lang='lat' dir='ltr'>de</span> <span class='ocrx_word' id='word_1_34' title='bbox 1743 298 1783 320; x_wconf 81' lang='lat' dir='ltr'>eo</span> <span class='ocrx_word' id='word_1_35' title='bbox 1809 285 1961 331; x_wconf 74' lang='lat' dir='ltr'>elogium</span> 
     </span>
     <span class='ocr_line' id='line_1_4' title="bbox 235 344 1964 391; baseline -0.006 -5"><span class='ocrx_word' id='word_1_36' title='bbox 235 357 287 386; x_wconf 85' lang='lat' dir='ltr'>est</span> <span class='ocrx_word' id='word_1_37' title='bbox 304 351 411 385; x_wconf 91' lang='lat' dir='ltr'><strong>VIII.</strong></span> <span class='ocrx_word' id='word_1_38' title='bbox 430 355 551 384; x_wconf 87' lang='lat' dir='ltr'>contra</span> <span class='ocrx_word' id='word_1_39' title='bbox 569 349 752 382; x_wconf 87' lang='lat' dir='ltr'>Julianum</span> <span class='ocrx_word' id='word_1_40' title='bbox 773 359 806 391; x_wconf 86' lang='lat' dir='ltr'>p.</span> <span class='ocrx_word' id='word_1_41' title='bbox 826 349 908 383; x_wconf 79' lang='lat'>273.</span> <span class='ocrx_word' id='word_1_42' title='bbox 962 346 1060 379; x_wconf 89' lang='lat' dir='ltr'>Inter</span> <span class='ocrx_word' id='word_1_43' title='bbox 1078 345 1311 390; x_wconf 79' lang='lat' dir='ltr'>philosophiae</span> <span class='ocrx_word' id='word_1_44' title='bbox 1334 350 1564 388; x_wconf 78' lang='lat' dir='ltr'>praeceptores</span> <span class='ocrx_word' id='word_1_45' title='bbox 1591 356 1669 377; x_wconf 89' lang='lat' dir='ltr'>cum</span> <span class='ocrx_word' id='word_1_46' title='bbox 1694 345 1841 377; x_wconf 84' lang='lat' dir='ltr'>Platone</span> <span class='ocrx_word' id='word_1_47' title='bbox 1868 344 1964 387; x_wconf 89' lang='lat' dir='ltr'>prin-</span> 
     </span>
     <span class='ocr_line' id='line_1_5' title="bbox 236 402 1965 454; baseline -0.005 -11"><span class='ocrx_word' id='word_1_48' title='bbox 236 421 326 453; x_wconf 85' lang='lat' dir='ltr'>cepS,</span> <span class='ocrx_word' id='word_1_49' title='bbox 340 409 459 454; x_wconf 87' lang='lat' dir='ltr'>judice</span> <span class='ocrx_word' id='word_1_50' title='bbox 475 405 666 440; x_wconf 77' lang='lat' dir='ltr'>Macrobio</span> <span class='ocrx_word' id='word_1_51' title='bbox 684 406 743 439; x_wconf 89' lang='lat' dir='ltr'>lib.</span> <span class='ocrx_word' id='word_1_52' title='bbox 760 405 788 438; x_wconf 91' lang='lat' dir='ltr'>I.</span> <span class='ocrx_word' id='word_1_53' title='bbox 808 406 843 437; x_wconf 90' lang='lat' dir='ltr'>in</span> <span class='ocrx_word' id='word_1_54' title='bbox 863 404 1036 437; x_wconf 89' lang='lat' dir='ltr'>somnium</span> <span class='ocrx_word' id='word_1_55' title='bbox 1058 403 1230 446; x_wconf 84' lang='lat' dir='ltr'>Scipionis</span> <span class='ocrx_word' id='word_1_56' title='bbox 1248 413 1322 445; x_wconf 86' lang='lat' dir='ltr'>cap.</span> <span class='ocrx_word' id='word_1_57' title='bbox 1340 404 1371 434; x_wconf 81' lang='grc'><strong>8.</strong></span> <span class='ocrx_word' id='word_1_58' title='bbox 1410 402 1575 435; x_wconf 83' lang='lat' dir='ltr'>Laudant</span> <span class='ocrx_word' id='word_1_59' title='bbox 1594 402 1774 435; x_wconf 90' lang='lat' dir='ltr'>Plotinum</span> <span class='ocrx_word' id='word_1_60' title='bbox 1794 407 1965 446; x_wconf 87' lang='lat' dir='ltr'>praeterea</span> 
     </span>
     <span class='ocr_line' id='line_1_6' title="bbox 236 459 1964 507; baseline -0.005 -6"><span class='ocrx_word' id='word_1_61' title='bbox 236 467 424 506; x_wconf 87' lang='lat' dir='ltr'>Eusebius,</span> <span class='ocrx_word' id='word_1_62' title='bbox 443 466 608 499; x_wconf 83' lang='lat' dir='ltr'>Julianus</span> <span class='ocrx_word' id='word_1_63' title='bbox 635 464 836 507; x_wconf 79' lang='lat' dir='ltr'>imperator,</span> <span class='ocrx_word' id='word_1_64' title='bbox 856 461 1104 495; x_wconf 77' lang='lat' dir='ltr'>Theodoritus,</span> <span class='ocrx_word' id='word_1_65' title='bbox 1124 460 1251 493; x_wconf 87' lang='lat' dir='ltr'>AEneas</span> <span class='ocrx_word' id='word_1_66' title='bbox 1271 460 1421 492; x_wconf 81' lang='lat' dir='ltr'>Gazaeus</span> <span class='ocrx_word' id='word_1_67' title='bbox 1448 460 1485 492; x_wconf 90' lang='lat' dir='ltr'>in</span> <span class='ocrx_word' id='word_1_68' title='bbox 1504 459 1761 503; x_wconf 82' lang='lat' dir='ltr'>Theophrasto,</span> <span class='ocrx_word' id='word_1_69' title='bbox 1781 460 1964 503; x_wconf 84' lang='lat' dir='ltr'>Syrianus,</span> 
     </span>
     <span class='ocr_line' id='line_1_7' title="bbox 237 517 1964 566; baseline -0.006 -7"><span class='ocrx_word' id='word_1_70' title='bbox 237 526 402 558; x_wconf 90' lang='lat' dir='ltr'>Sidonius</span> <span class='ocrx_word' id='word_1_71' title='bbox 422 524 491 557; x_wconf 92' lang='lat' dir='ltr'>III.</span> <span class='ocrx_word' id='word_1_72' title='bbox 511 523 611 566; x_wconf 80' lang='lat' dir='ltr'>epist.</span> <span class='ocrx_word' id='word_1_73' title='bbox 631 520 663 554; x_wconf 91' lang='grc'>6.</span> <span class='ocrx_word' id='word_1_74' title='bbox 683 522 725 553; x_wconf 88' lang='lat' dir='ltr'>ad</span> <span class='ocrx_word' id='word_1_75' title='bbox 746 519 972 562; x_wconf 81' lang='lat' dir='ltr'>Eutropium,</span> <span class='ocrx_word' id='word_1_76' title='bbox 992 529 1095 561; x_wconf 88' lang='lat' dir='ltr'>quem</span> <span class='ocrx_word' id='word_1_77' title='bbox 1116 517 1246 550; x_wconf 90' lang='lat' dir='ltr'>Plotini</span> <span class='ocrx_word' id='word_1_78' title='bbox 1267 522 1532 549; x_wconf 77' lang='lat' dir='ltr'>consectaneum</span> <span class='ocrx_word' id='word_1_79' title='bbox 1552 522 1653 550; x_wconf 86' lang='lat' dir='ltr'>vocat</span> <span class='ocrx_word' id='word_1_80' title='bbox 1671 522 1705 550; x_wconf 86' lang='lat' dir='ltr'>et</span> <span class='ocrx_word' id='word_1_81' title='bbox 1724 518 1783 549; x_wconf 88' lang='lat' dir='ltr'>alii</span> <span class='ocrx_word' id='word_1_82' title='bbox 1802 517 1964 550; x_wconf 85' lang='lat' dir='ltr'>infiniti.*</span> 
     </span>
     <span class='ocr_line' id='line_1_8' title="bbox 240 574 1965 618; baseline -0.006 -1"><span class='ocrx_word' id='word_1_83' title='bbox 240 583 269 616; x_wconf 87' lang='grc' dir='ltr'>Ε</span> <span class='ocrx_word' id='word_1_84' title='bbox 298 582 548 617; x_wconf 90' lang='lat' dir='ltr'>recentioribus</span> <span class='ocrx_word' id='word_1_85' title='bbox 575 590 683 613; x_wconf 88' lang='lat' dir='ltr'>unum</span> <span class='ocrx_word' id='word_1_86' title='bbox 714 576 913 610; x_wconf 88' lang='lat' dir='ltr'>memorabo</span> <span class='ocrx_word' id='word_1_87' title='bbox 939 575 1112 608; x_wconf 87' lang='lat' dir='ltr'>Joannem</span> <span class='ocrx_word' id='word_1_88' title='bbox 1139 574 1262 607; x_wconf 82' lang='lat' dir='ltr'>Picum</span> <span class='ocrx_word' id='word_1_89' title='bbox 1290 574 1592 612; x_wconf 84' lang='lat' dir='ltr'>Mirandulanum,</span> <span class='ocrx_word' id='word_1_90' title='bbox 1611 575 1710 618; x_wconf 87' lang='lat' dir='ltr'>cujus</span> <span class='ocrx_word' id='word_1_91' title='bbox 1740 574 1965 608; x_wconf 82' lang='lat' dir='ltr'>Hexameron</span> 
     </span>
     <span class='ocr_line' id='line_1_9' title="bbox 238 631 1965 685; baseline -0.006 -11"><span class='ocrx_word' id='word_1_92' title='bbox 238 652 347 685; x_wconf 91' lang='lat' dir='ltr'>quum</span> <span class='ocrx_word' id='word_1_93' title='bbox 367 640 507 685; x_wconf 81' lang='lat' dir='ltr'>legisset</span> <span class='ocrx_word' id='word_1_94' title='bbox 528 637 739 670; x_wconf 79' lang='lat' dir='ltr'>Hermolaus</span> <span class='ocrx_word' id='word_1_95' title='bbox 759 634 938 667; x_wconf 88' lang='lat' dir='ltr'>Barbarus</span> <span class='ocrx_word' id='word_1_96' title='bbox 958 634 1007 665; x_wconf 89' lang='lat' dir='ltr'>ita</span> <span class='ocrx_word' id='word_1_97' title='bbox 1027 633 1069 665; x_wconf 87' lang='lat' dir='ltr'>ad</span> <span class='ocrx_word' id='word_1_98' title='bbox 1089 644 1167 665; x_wconf 92' lang='lat' dir='ltr'>eum</span> <span class='ocrx_word' id='word_1_99' title='bbox 1188 632 1328 675; x_wconf 79' lang='lat' dir='ltr'>scripsit</span> <span class='ocrx_word' id='word_1_100' title='bbox 1346 644 1376 664; x_wconf 92' lang='lat' dir='ltr'>a.</span> <span class='ocrx_word' id='word_1_101' title='bbox 1394 634 1499 669; x_wconf 76' lang='lat'>1499.</span> <span class='ocrx_word' id='word_1_102' title='bbox 1552 631 1711 665; x_wconf 87' lang='lat' dir='ltr'>Venetiis</span> <span class='ocrx_word' id='word_1_103' title='bbox 1736 632 1848 674; x_wconf 83' lang='lat' dir='ltr'>pridie</span> <span class='ocrx_word' id='word_1_104' title='bbox 1872 632 1965 665; x_wconf 86' lang='lat' dir='ltr'>Non.</span> 
     </span>
     <span class='ocr_line' id='line_1_10' title="bbox 238 689 1966 742; baseline -0.006 -10"><span class='ocrx_word' id='word_1_105' title='bbox 238 697 433 742; x_wconf 84' lang='lat' dir='ltr'>Septembr.</span> <span class='ocrx_word' id='word_1_106' title='bbox 454 697 560 737; x_wconf 90' lang='lat' dir='ltr'>(inter</span> <span class='ocrx_word' id='word_1_107' title='bbox 578 695 742 738; x_wconf 82' lang='lat' dir='ltr'>epistolas</span> <span class='ocrx_word' id='word_1_108' title='bbox 762 693 929 725; x_wconf 85' lang='lat' dir='ltr'>Politiani</span> <span class='ocrx_word' id='word_1_109' title='bbox 949 690 1037 724; x_wconf 86' lang='lat' dir='ltr'><strong>XII.</strong></span> <span class='ocrx_word' id='word_1_110' title='bbox 1058 689 1130 734; x_wconf 86' lang='lat'>36.)</span> <span class='ocrx_word' id='word_1_111' title='bbox 1184 690 1321 723; x_wconf 84' lang='lat' dir='ltr'>Omitto</span> <span class='ocrx_word' id='word_1_112' title='bbox 1339 701 1443 733; x_wconf 87' lang='lat' dir='ltr'>quam</span> <span class='ocrx_word' id='word_1_113' title='bbox 1465 690 1576 722; x_wconf 84' lang='lat' dir='ltr'>multa</span> <span class='ocrx_word' id='word_1_114' title='bbox 1594 701 1637 722; x_wconf 90' lang='lat' dir='ltr'>ex</span> <span class='ocrx_word' id='word_1_115' title='bbox 1657 689 1797 722; x_wconf 91' lang='lat' dir='ltr'>Plotino</span> <span class='ocrx_word' id='word_1_116' title='bbox 1815 690 1966 734; x_wconf 82' lang='lat' dir='ltr'>egregia,</span> 
     </span>
     <span class='ocr_line' id='line_1_11' title="bbox 237 748 1969 800; baseline -0.005 -11"><span class='ocrx_word' id='word_1_117' title='bbox 237 768 342 800; x_wconf 88' lang='lat' dir='ltr'>quam</span> <span class='ocrx_word' id='word_1_118' title='bbox 362 755 489 788; x_wconf 83' lang='lat' dir='ltr'>cursim</span> <span class='ocrx_word' id='word_1_119' title='bbox 509 758 544 786; x_wconf 90' lang='lat' dir='ltr'>et</span> <span class='ocrx_word' id='word_1_120' title='bbox 562 754 740 797; x_wconf 84' lang='lat' dir='ltr'>eleganter</span> <span class='ocrx_word' id='word_1_121' title='bbox 758 750 929 795; x_wconf 85' lang='lat' dir='ltr'>attigeris,</span> <span class='ocrx_word' id='word_1_122' title='bbox 943 755 983 782; x_wconf 84' lang='lat' dir='ltr'>ut</span> <span class='ocrx_word' id='word_1_123' title='bbox 997 749 1169 793; x_wconf 89' lang='lat' dir='ltr'>quidquid</span> <span class='ocrx_word' id='word_1_124' title='bbox 1188 748 1259 780; x_wconf 85' lang='lat' dir='ltr'>fere</span> <span class='ocrx_word' id='word_1_125' title='bbox 1278 753 1430 791; x_wconf 87' lang='lat' dir='ltr'>quatuor</span> <span class='ocrx_word' id='word_1_126' title='bbox 1448 748 1523 792; x_wconf 86' lang='lat' dir='ltr'>ejus</span> <span class='ocrx_word' id='word_1_127' title='bbox 1542 754 1576 780; x_wconf 86' lang='lat' dir='ltr'>et</span> <span class='ocrx_word' id='word_1_128' title='bbox 1594 748 1853 792; x_wconf 83' lang='lat' dir='ltr'>quinquaginta</span> <span class='ocrx_word' id='word_1_129' title='bbox 1871 748 1969 781; x_wconf 88' lang='lat' dir='ltr'>volu-</span> 
     </span>
     <span class='ocr_line' id='line_1_12' title="bbox 238 805 1969 852; baseline -0.006 -6"><span class='ocrx_word' id='word_1_130' title='bbox 238 815 333 847; x_wconf 88' lang='lat' dir='ltr'>mina</span> <span class='ocrx_word' id='word_1_131' title='bbox 352 814 386 845; x_wconf 92' lang='lat' dir='ltr'>in</span> <span class='ocrx_word' id='word_1_132' title='bbox 407 823 467 844; x_wconf 83' lang='lat' dir='ltr'>sex</span> <span class='ocrx_word' id='word_1_133' title='bbox 482 811 702 844; x_wconf 85' lang='lat' dir='ltr'>Novenarios</span> <span class='ocrx_word' id='word_1_134' title='bbox 721 821 741 842; x_wconf 88' lang='lat' dir='ltr'>a</span> <span class='ocrx_word' id='word_1_135' title='bbox 757 809 957 852; x_wconf 83' lang='lat' dir='ltr'>Porphyrio</span> <span class='ocrx_word' id='word_1_136' title='bbox 971 808 1107 852; x_wconf 83' lang='lat' dir='ltr'>digesta</span> <span class='ocrx_word' id='word_1_137' title='bbox 1125 806 1316 844; x_wconf 85' lang='lat' dir='ltr'>continent,</span> <span class='ocrx_word' id='word_1_138' title='bbox 1331 817 1400 839; x_wconf 90' lang='lat' dir='ltr'>nou</span> <span class='ocrx_word' id='word_1_139' title='bbox 1420 806 1498 849; x_wconf 89' lang='lat' dir='ltr'>plus</span> <span class='ocrx_word' id='word_1_140' title='bbox 1516 806 1640 850; x_wconf 84' lang='lat' dir='ltr'>legisse</span> <span class='ocrx_word' id='word_1_141' title='bbox 1659 816 1764 848; x_wconf 88' lang='lat' dir='ltr'>quam</span> <span class='ocrx_word' id='word_1_142' title='bbox 1783 805 1969 838; x_wconf 88' lang='lat' dir='ltr'>edididisse</span> 
     </span>
     <span class='ocr_line' id='line_1_13' title="bbox 241 861 1971 917; baseline -0.006 -13"><span class='ocrx_word' id='word_1_143' title='bbox 241 871 397 917; x_wconf 84' lang='lat' dir='ltr'>[Corrig.</span> <span class='ocrx_word' id='word_1_144' title='bbox 416 867 615 908; x_wconf 72' lang='lat' dir='ltr'>edidicisse,</span> <span class='ocrx_word' id='word_1_145' title='bbox 632 873 671 901; x_wconf 87' lang='lat' dir='ltr'>ut</span> <span class='ocrx_word' id='word_1_146' title='bbox 689 872 741 900; x_wconf 84' lang='lat' dir='ltr'>est</span> <span class='ocrx_word' id='word_1_147' title='bbox 761 868 795 900; x_wconf 92' lang='lat' dir='ltr'>in</span> <span class='ocrx_word' id='word_1_148' title='bbox 817 867 983 899; x_wconf 85' lang='lat' dir='ltr'>Politiani</span> <span class='ocrx_word' id='word_1_149' title='bbox 1000 865 1174 909; x_wconf 70' lang='lat' dir='ltr'>operibus</span> <span class='ocrx_word' id='word_1_150' title='bbox 1198 861 1276 910; x_wconf 81' lang='lat' dir='ltr'>Cr.]</span> <span class='ocrx_word' id='word_1_151' title='bbox 1302 864 1462 896; x_wconf 87' lang='lat' dir='ltr'>videaris.</span> <span class='ocrx_word' id='word_1_152' title='bbox 1487 863 1595 908; x_wconf 90' lang='lat' dir='ltr'>[conf.</span> <span class='ocrx_word' id='word_1_153' title='bbox 1617 862 1864 906; x_wconf 78' lang='lat' dir='ltr'>pope-Blount</span> <span class='ocrx_word' id='word_1_154' title='bbox 1882 862 1971 895; x_wconf 84' lang='lat' dir='ltr'>Cen—</span> 
     </span>
     <span class='ocr_line' id='line_1_14' title="bbox 239 921 1970 969; baseline -0.006 -7"><span class='ocrx_word' id='word_1_155' title='bbox 239 941 309 963; x_wconf 90' lang='lat' dir='ltr'>snr.</span> <span class='ocrx_word' id='word_1_156' title='bbox 328 928 517 962; x_wconf 87' lang='lat' dir='ltr'>Celebrior.</span> <span class='ocrx_word' id='word_1_157' title='bbox 537 926 746 959; x_wconf 89' lang='lat' dir='ltr'>Auctorum.</span> <span class='ocrx_word' id='word_1_158' title='bbox 766 937 798 969; x_wconf 89' lang='lat' dir='ltr'>p.</span> <span class='ocrx_word' id='word_1_159' title='bbox 815 927 896 957; x_wconf 73' lang='lat'>203.</span> <span class='ocrx_word' id='word_1_160' title='bbox 916 922 1005 967; x_wconf 89' lang='lat' dir='ltr'>seq.]</span> <span class='ocrx_word' id='word_1_161' title='bbox 1058 923 1141 955; x_wconf 91' lang='lat' dir='ltr'>Alia</span> <span class='ocrx_word' id='word_1_162' title='bbox 1160 923 1391 955; x_wconf 79' lang='lat' dir='ltr'>recentiorum</span> <span class='ocrx_word' id='word_1_163' title='bbox 1411 922 1452 954; x_wconf 81' lang='lat' dir='ltr'>de</span> <span class='ocrx_word' id='word_1_164' title='bbox 1473 921 1614 954; x_wconf 86' lang='lat' dir='ltr'>Plotino</span> <span class='ocrx_word' id='word_1_165' title='bbox 1633 921 1834 954; x_wconf 86' lang='lat' dir='ltr'>testimonia</span> <span class='ocrx_word' id='word_1_166' title='bbox 1852 931 1970 963; x_wconf 81' lang='lat' dir='ltr'>quaere</span> 
     </span>
     <span class='ocr_line' id='line_1_15' title="bbox 242 976 1572 1033; baseline -0.006 -13"><span class='ocrx_word' id='word_1_167' title='bbox 242 987 295 1033; x_wconf 93' lang='lat' dir='ltr'>[in</span> <span class='ocrx_word' id='word_1_168' title='bbox 315 986 465 1019; x_wconf 90' lang='lat' dir='ltr'>Annott.</span> <span class='ocrx_word' id='word_1_169' title='bbox 484 986 521 1018; x_wconf 89' lang='lat' dir='ltr'>in</span> <span class='ocrx_word' id='word_1_170' title='bbox 541 984 715 1028; x_wconf 85' lang='lat' dir='ltr'>Porphyr.</span> <span class='ocrx_word' id='word_1_171' title='bbox 735 984 776 1016; x_wconf 86' lang='lat' dir='ltr'>de</span> <span class='ocrx_word' id='word_1_172' title='bbox 795 983 868 1016; x_wconf 79' lang='lat' dir='ltr'>Vit.</span> <span class='ocrx_word' id='word_1_173' title='bbox 890 982 1022 1015; x_wconf 88' lang='lat' dir='ltr'>Plotini</span> <span class='ocrx_word' id='word_1_174' title='bbox 1040 986 1074 1014; x_wconf 88' lang='lat' dir='ltr'>et</span> <span class='ocrx_word' id='word_1_175' title='bbox 1092 981 1129 1013; x_wconf 89' lang='lat' dir='ltr'>in</span> <span class='ocrx_word' id='word_1_176' title='bbox 1149 980 1337 1013; x_wconf 86' lang='lat' dir='ltr'>Euneadas</span> <span class='ocrx_word' id='word_1_177' title='bbox 1356 980 1460 1023; x_wconf 86' lang='lat' dir='ltr'>ipsas.</span> <span class='ocrx_word' id='word_1_178' title='bbox 1491 976 1572 1022; x_wconf 89' lang='lat' dir='ltr'>Cr.]</span> 
     </span>
    </p>

    <p class='ocr_par' dir='ltr' id='par_1_3' title="bbox 238 1034 1974 1841">
     <span class='ocr_line' id='line_1_16' title="bbox 289 1034 1971 1084; baseline -0.005 -7"><span class='ocrx_word' id='word_1_179' title='bbox 289 1044 389 1077; x_wconf 80' lang='lat'>**11.</span> <span class='ocrx_word' id='word_1_180' title='bbox 417 1043 678 1076; x_wconf 78' lang='lat' dir='ltr'>obscuritatem</span> <span class='ocrx_word' id='word_1_181' title='bbox 697 1042 733 1074; x_wconf 92' lang='lat' dir='ltr'>in</span> <span class='ocrx_word' id='word_1_182' title='bbox 752 1053 792 1074; x_wconf 88' lang='lat' dir='ltr'>eo</span> <span class='ocrx_word' id='word_1_183' title='bbox 811 1045 941 1084; x_wconf 62' lang='lat' dir='ltr'>praeter</span> <span class='ocrx_word' id='word_1_184' title='bbox 960 1039 1161 1083; x_wconf 86' lang='lat' dir='ltr'>Longinum</span> <span class='ocrx_word' id='word_1_185' title='bbox 1192 1039 1263 1081; x_wconf 89' lang='lat' dir='ltr'>ipse</span> <span class='ocrx_word' id='word_1_186' title='bbox 1291 1042 1390 1070; x_wconf 87' lang='lat' dir='ltr'>notat</span> <span class='ocrx_word' id='word_1_187' title='bbox 1409 1035 1640 1082; x_wconf 73' lang='lat' dir='ltr'>Porphyrius</span> <span class='ocrx_word' id='word_1_188' title='bbox 1666 1047 1740 1080; x_wconf 89' lang='lat' dir='ltr'>cap.</span> <span class='ocrx_word' id='word_1_189' title='bbox 1757 1039 1813 1069; x_wconf 88' lang='grc'><strong>18.</strong></span> <span class='ocrx_word' id='word_1_190' title='bbox 1833 1041 1868 1070; x_wconf 88' lang='lat' dir='ltr'>et</span> <span class='ocrx_word' id='word_1_191' title='bbox 1888 1034 1971 1069; x_wconf 76' lang='lat' dir='ltr'><em>Eec-</em></span> 
     </span>
     <span class='ocr_line' id='line_1_17' title="bbox 241 1094 1971 1148; baseline -0.005 -12"><span class='ocrx_word' id='word_1_192' title='bbox 241 1101 372 1148; x_wconf 76' lang='lat' dir='ltr'>napius</span> <span class='ocrx_word' id='word_1_193' title='bbox 392 1100 628 1144; x_wconf 87' lang='lat' dir='ltr'>Porphyrium</span> <span class='ocrx_word' id='word_1_194' title='bbox 652 1099 792 1132; x_wconf 91' lang='lat' dir='ltr'>Plotino</span> <span class='ocrx_word' id='word_1_195' title='bbox 819 1097 983 1130; x_wconf 87' lang='lat' dir='ltr'>defuncto</span> <span class='ocrx_word' id='word_1_196' title='bbox 1011 1097 1081 1135; x_wconf 79' lang='lat' dir='ltr'>ait3</span> <span class='ocrx_word' id='word_1_197' title='bbox 1114 1096 1165 1141; x_wconf 87' lang='lat' dir='ltr'>[p.</span> <span class='ocrx_word' id='word_1_198' title='bbox 1187 1098 1242 1131; x_wconf 86' lang='lat'>17.</span> <span class='ocrx_word' id='word_1_199' title='bbox 1271 1107 1303 1139; x_wconf 91' lang='lat' dir='ltr'>p.</span> <span class='ocrx_word' id='word_1_200' title='bbox 1323 1098 1355 1132; x_wconf 91' lang='lat'>9.</span> <span class='ocrx_word' id='word_1_201' title='bbox 1375 1094 1555 1139; x_wconf 90' lang='lat' dir='ltr'>Boisson.]</span> <span class='ocrx_word' id='word_1_202' title='bbox 1583 1100 1682 1128; x_wconf 86' lang='lat' dir='ltr'>tanto</span> <span class='ocrx_word' id='word_1_203' title='bbox 1708 1096 1820 1140; x_wconf 85' lang='lat' dir='ltr'>magis</span> <span class='ocrx_word' id='word_1_204' title='bbox 1845 1095 1971 1128; x_wconf 77' lang='lat' dir='ltr'>Romae</span> 
     </span>
     <span class='ocr_line' id='line_1_18' title="bbox 240 1152 1971 1201; baseline -0.005 -8"><span class='ocrx_word' id='word_1_205' title='bbox 240 1160 472 1194; x_wconf 86' lang='lat' dir='ltr'>communiter</span> <span class='ocrx_word' id='word_1_206' title='bbox 496 1158 604 1191; x_wconf 88' lang='lat' dir='ltr'>fuisse</span> <span class='ocrx_word' id='word_1_207' title='bbox 628 1157 827 1201; x_wconf 89' lang='lat' dir='ltr'>probatum,</span> <span class='ocrx_word' id='word_1_208' title='bbox 846 1156 938 1200; x_wconf 90' lang='lat' dir='ltr'>quod</span> <span class='ocrx_word' id='word_1_209' title='bbox 963 1158 1088 1188; x_wconf 86' lang='lat' dir='ltr'>cuncta</span> <span class='ocrx_word' id='word_1_210' title='bbox 1115 1158 1233 1197; x_wconf 85' lang='lat' dir='ltr'>aperte</span> <span class='ocrx_word' id='word_1_211' title='bbox 1260 1158 1294 1185; x_wconf 85' lang='lat' dir='ltr'>et</span> <span class='ocrx_word' id='word_1_212' title='bbox 1318 1154 1468 1185; x_wconf 83' lang='lat' dir='ltr'>dilucide</span> <span class='ocrx_word' id='word_1_213' title='bbox 1495 1153 1660 1189; x_wconf 81' lang='lat' dir='ltr'>traderet,</span> <span class='ocrx_word' id='word_1_214' title='bbox 1679 1164 1788 1196; x_wconf 92' lang='lat' dir='ltr'>quum</span> <span class='ocrx_word' id='word_1_215' title='bbox 1809 1152 1971 1186; x_wconf 87' lang='lat' dir='ltr'>Plotinus</span> 
     </span>
     <span class='ocr_line' id='line_1_19' title="bbox 239 1209 1971 1261; baseline -0.006 -10"><span class='ocrx_word' id='word_1_216' title='bbox 239 1220 285 1260; x_wconf 83' lang='grc' dir='ltr'>τῷ</span> <span class='ocrx_word' id='word_1_217' title='bbox 304 1232 342 1250; x_wconf 78' lang='grc' dir='ltr'>τε</span> <span class='ocrx_word' id='word_1_218' title='bbox 358 1220 414 1255; x_wconf 77' lang='grc' dir='ltr'>τῆς</span> <span class='ocrx_word' id='word_1_219' title='bbox 434 1214 543 1261; x_wconf 68' lang='grc' dir='ltr'>ψυχῆς</span> <span class='ocrx_word' id='word_1_220' title='bbox 563 1215 694 1260; x_wconf 68' lang='grc' dir='ltr'>οὐρανίῳ</span> <span class='ocrx_word' id='word_1_221' title='bbox 712 1215 761 1247; x_wconf 76' lang='grc' dir='ltr'>καὶ</span> <span class='ocrx_word' id='word_1_222' title='bbox 780 1217 826 1257; x_wconf 77' lang='grc' dir='ltr'>τῷ</span> <span class='ocrx_word' id='word_1_223' title='bbox 847 1215 933 1258; x_wconf 53' lang='grc' dir='ltr'>λυ.ᾒῷ</span> <span class='ocrx_word' id='word_1_224' title='bbox 957 1212 1005 1245; x_wconf 68' lang='grc' dir='ltr'>καὶ</span> <span class='ocrx_word' id='word_1_225' title='bbox 1026 1210 1253 1255; x_wconf 49' lang='grc' dir='ltr'>αι’νυγμιιτείκῗει</span> <span class='ocrx_word' id='word_1_226' title='bbox 1278 1213 1340 1243; x_wconf 68' lang='grc' dir='ltr'>τῶν</span> <span class='ocrx_word' id='word_1_227' title='bbox 1359 1210 1470 1254; x_wconf 68' lang='grc' dir='ltr'>λόγων</span> <span class='ocrx_word' id='word_1_228' title='bbox 1488 1210 1588 1256; x_wconf 73' lang='grc' dir='ltr'>βαρὺς</span> <span class='ocrx_word' id='word_1_229' title='bbox 1612 1210 1707 1243; x_wconf 54' lang='grc' dir='ltr'>ἐδόκει</span> <span class='ocrx_word' id='word_1_230' title='bbox 1735 1210 1785 1243; x_wconf 78' lang='grc' dir='ltr'>καὶ</span> <span class='ocrx_word' id='word_1_231' title='bbox 1811 1209 1971 1249; x_wconf 77' lang='grc' dir='ltr'><strong>δυσήκοος.</strong></span> 
     </span>
     <span class='ocr_line' id='line_1_20' title="bbox 241 1266 1972 1317; baseline -0.005 -8"><span class='ocrx_word' id='word_1_232' title='bbox 241 1276 367 1310; x_wconf 79' lang='lat' dir='ltr'>Causae</span> <span class='ocrx_word' id='word_1_233' title='bbox 395 1274 630 1312; x_wconf 86' lang='lat' dir='ltr'>obscuritatis,</span> <span class='ocrx_word' id='word_1_234' title='bbox 649 1274 741 1317; x_wconf 90' lang='lat' dir='ltr'>quod</span> <span class='ocrx_word' id='word_1_235' title='bbox 770 1271 901 1317; x_wconf 61' lang='lat' dir='ltr'>magi-5¹,</span> <span class='ocrx_word' id='word_1_236' title='bbox 926 1281 1032 1317; x_wconf 77' lang='lat' dir='ltr'>quam</span> <span class='ocrx_word' id='word_1_237' title='bbox 1055 1268 1243 1315; x_wconf 76' lang='lat' dir='ltr'>quisquam</span> <span class='ocrx_word' id='word_1_238' title='bbox 1273 1266 1457 1301; x_wconf 68' lang='lat' dir='ltr'>verborum</span> <span class='ocrx_word' id='word_1_239' title='bbox 1477 1279 1618 1314; x_wconf 74' lang='lat' dir='ltr'>parcus</span> <span class='ocrx_word' id='word_1_240' title='bbox 1644 1268 1762 1307; x_wconf 87' lang='lat' dir='ltr'>fuerit,</span> <span class='ocrx_word' id='word_1_241' title='bbox 1781 1272 1821 1301; x_wconf 91' lang='lat' dir='ltr'>ut</span> <span class='ocrx_word' id='word_1_242' title='bbox 1844 1268 1886 1301; x_wconf 87' lang='lat' dir='ltr'>de</span> <span class='ocrx_word' id='word_1_243' title='bbox 1912 1268 1972 1301; x_wconf 91' lang='lat' dir='ltr'>illo</span> 
     </span>
     <span class='ocr_line' id='line_1_21' title="bbox 241 1326 1973 1377; baseline -0.005 -10"><span class='ocrx_word' id='word_1_244' title='bbox 241 1338 293 1367; x_wconf 87' lang='lat' dir='ltr'>est</span> <span class='ocrx_word' id='word_1_245' title='bbox 311 1333 403 1377; x_wconf 84' lang='lat' dir='ltr'>apud</span> <span class='ocrx_word' id='word_1_246' title='bbox 425 1332 645 1365; x_wconf 87' lang='lat' dir='ltr'>Macrobium</span> <span class='ocrx_word' id='word_1_247' title='bbox 665 1331 714 1365; x_wconf 90' lang='lat' dir='ltr'>II.</span> <span class='ocrx_word' id='word_1_248' title='bbox 736 1333 791 1363; x_wconf 73' lang='lat'>12.</span> <span class='ocrx_word' id='word_1_249' title='bbox 812 1331 846 1363; x_wconf 89' lang='lat' dir='ltr'>in</span> <span class='ocrx_word' id='word_1_250' title='bbox 866 1330 1048 1363; x_wconf 85' lang='lat' dir='ltr'>Somnium</span> <span class='ocrx_word' id='word_1_251' title='bbox 1071 1328 1254 1371; x_wconf 85' lang='lat' dir='ltr'>Scipionis,</span> <span class='ocrx_word' id='word_1_252' title='bbox 1274 1327 1328 1360; x_wconf 81' lang='lat' dir='ltr'>cui</span> <span class='ocrx_word' id='word_1_253' title='bbox 1352 1328 1400 1360; x_wconf 91' lang='lat' dir='ltr'>rci</span> <span class='ocrx_word' id='word_1_254' title='bbox 1426 1328 1569 1360; x_wconf 82' lang='lat' dir='ltr'>accessit</span> <span class='ocrx_word' id='word_1_255' title='bbox 1595 1327 1771 1359; x_wconf 82' lang='lat' dir='ltr'>subtilitas</span> <span class='ocrx_word' id='word_1_256' title='bbox 1796 1326 1973 1359; x_wconf 83' lang='lat' dir='ltr'>abstrusa-</span> 
     </span>
     <span class='ocr_line' id='line_1_22' title="bbox 241 1384 1972 1435; baseline -0.005 -11"><span class='ocrx_word' id='word_1_257' title='bbox 241 1403 319 1425; x_wconf 90' lang='lat' dir='ltr'>rum</span> <span class='ocrx_word' id='word_1_258' title='bbox 339 1390 664 1435; x_wconf 87' lang='lat' dir='ltr'>profundarumque</span> <span class='ocrx_word' id='word_1_259' title='bbox 682 1389 947 1433; x_wconf 78' lang='lat' dir='ltr'>cogitationum,</span> <span class='ocrx_word' id='word_1_260' title='bbox 966 1398 1035 1419; x_wconf 88' lang='lat' dir='ltr'>non</span> <span class='ocrx_word' id='word_1_261' title='bbox 1056 1385 1260 1418; x_wconf 83' lang='lat' dir='ltr'>habentium</span> <span class='ocrx_word' id='word_1_262' title='bbox 1281 1396 1428 1428; x_wconf 78' lang='lat' dir='ltr'>semper,</span> <span class='ocrx_word' id='word_1_263' title='bbox 1448 1385 1507 1418; x_wconf 93' lang='lat' dir='ltr'>nbi</span> <span class='ocrx_word' id='word_1_264' title='bbox 1527 1386 1731 1423; x_wconf 80' lang='lat' dir='ltr'>consistant,</span> <span class='ocrx_word' id='word_1_265' title='bbox 1750 1389 1784 1417; x_wconf 88' lang='lat' dir='ltr'>et</span> <span class='ocrx_word' id='word_1_266' title='bbox 1802 1385 1844 1417; x_wconf 90' lang='lat' dir='ltr'>de</span> <span class='ocrx_word' id='word_1_267' title='bbox 1867 1384 1972 1417; x_wconf 86' lang='lat' dir='ltr'>rebus</span> 
     </span>
     <span class='ocr_line' id='line_1_23' title="bbox 243 1442 1974 1492; baseline -0.005 -10"><span class='ocrx_word' id='word_1_268' title='bbox 243 1462 262 1483; x_wconf 87' lang='lat' dir='ltr'>a</span> <span class='ocrx_word' id='word_1_269' title='bbox 288 1454 392 1492; x_wconf 88' lang='lat' dir='ltr'>captu</span> <span class='ocrx_word' id='word_1_270' title='bbox 418 1460 487 1481; x_wconf 89' lang='lat' dir='ltr'>non</span> <span class='ocrx_word' id='word_1_271' title='bbox 515 1449 630 1480; x_wconf 85' lang='lat' dir='ltr'>minus</span> <span class='ocrx_word' id='word_1_272' title='bbox 658 1447 822 1485; x_wconf 88' lang='lat' dir='ltr'>hominis,</span> <span class='ocrx_word' id='word_1_273' title='bbox 840 1457 946 1490; x_wconf 89' lang='lat' dir='ltr'>quam</span> <span class='ocrx_word' id='word_1_274' title='bbox 975 1456 1090 1483; x_wconf 87' lang='lat' dir='ltr'>sensu,</span> <span class='ocrx_word' id='word_1_275' title='bbox 1109 1444 1263 1481; x_wconf 81' lang='lat' dir='ltr'>remotis,</span> <span class='ocrx_word' id='word_1_276' title='bbox 1282 1454 1358 1475; x_wconf 87' lang='lat' dir='ltr'>cum</span> <span class='ocrx_word' id='word_1_277' title='bbox 1379 1443 1598 1476; x_wconf 84' lang='lat' dir='ltr'>dubitatione</span> <span class='ocrx_word' id='word_1_278' title='bbox 1623 1443 1773 1486; x_wconf 87' lang='lat' dir='ltr'>quadam</span> <span class='ocrx_word' id='word_1_279' title='bbox 1802 1442 1917 1475; x_wconf 88' lang='lat' dir='ltr'>audax</span> <span class='ocrx_word' id='word_1_280' title='bbox 1938 1447 1974 1474; x_wconf 86' lang='lat' dir='ltr'>et</span> 
     </span>
     <span class='ocr_line' id='line_1_24' title="bbox 243 1497 1971 1551; baseline -0.005 -11"><span class='ocrx_word' id='word_1_281' title='bbox 243 1507 427 1551; x_wconf 67' lang='lat' dir='ltr'>prwfideus</span> <span class='ocrx_word' id='word_1_282' title='bbox 446 1506 650 1548; x_wconf 79' lang='lat' dir='ltr'>disputatio,</span> <span class='ocrx_word' id='word_1_283' title='bbox 669 1510 703 1538; x_wconf 89' lang='lat' dir='ltr'>et</span> <span class='ocrx_word' id='word_1_284' title='bbox 726 1505 874 1549; x_wconf 80' lang='lat' dir='ltr'>mystico</span> <span class='ocrx_word' id='word_1_285' title='bbox 898 1503 1073 1536; x_wconf 88' lang='lat' dir='ltr'>interdum</span> <span class='ocrx_word' id='word_1_286' title='bbox 1099 1507 1204 1545; x_wconf 89' lang='lat' dir='ltr'>atque</span> <span class='ocrx_word' id='word_1_287' title='bbox 1228 1501 1414 1544; x_wconf 77' lang='lat' dir='ltr'>allegorico</span> <span class='ocrx_word' id='word_1_288' title='bbox 1433 1501 1509 1533; x_wconf 86' lang='lat' dir='ltr'>velo</span> <span class='ocrx_word' id='word_1_289' title='bbox 1528 1500 1688 1533; x_wconf 88' lang='lat' dir='ltr'>obducta.</span> <span class='ocrx_word' id='word_1_290' title='bbox 1719 1500 1759 1545; x_wconf 75' lang='lat'>[⁶⁶</span> <span class='ocrx_word' id='word_1_291' title='bbox 1778 1497 1971 1532; x_wconf 77' lang='lat' dir='ltr'>l&#39;inintelli-</span> 
     </span>
     <span class='ocr_line' id='line_1_25' title="bbox 238 1554 1968 1608; baseline -0.004 -11"><span class='ocrx_word' id='word_1_292' title='bbox 238 1563 338 1608; x_wconf 54' lang='lat' dir='ltr'>¹gw&#39;ble</span> <span class='ocrx_word' id='word_1_293' title='bbox 356 1562 510 1597; x_wconf 77' lang='lat' dir='ltr'>Plotin.”</span> <span class='ocrx_word' id='word_1_294' title='bbox 546 1563 729 1596; x_wconf 76' lang='lat' dir='ltr'>Cluverius</span> <span class='ocrx_word' id='word_1_295' title='bbox 758 1560 921 1603; x_wconf 71' lang='lat' dir='ltr'>(Claz-ier</span> <span class='ocrx_word' id='word_1_296' title='bbox 938 1562 973 1594; x_wconf 92' lang='lat' dir='ltr'>iu</span> <span class='ocrx_word' id='word_1_297' title='bbox 994 1557 1224 1605; x_wconf 60' lang='lat' dir='ltr'>Biqgmplzie</span> <span class='ocrx_word' id='word_1_298' title='bbox 1252 1556 1474 1598; x_wconf 55' lang='lat' dir='ltr'>uniamus-elle,</span> <span class='ocrx_word' id='word_1_299' title='bbox 1502 1558 1614 1591; x_wconf 86' lang='lat' dir='ltr'>Tome</span> <span class='ocrx_word' id='word_1_300' title='bbox 1633 1558 1679 1591; x_wconf 88' lang='lat' dir='ltr'>X.</span> <span class='ocrx_word' id='word_1_301' title='bbox 1708 1569 1740 1601; x_wconf 88' lang='lat' dir='ltr'>p.</span> <span class='ocrx_word' id='word_1_302' title='bbox 1760 1560 1858 1601; x_wconf 76' lang='lat'>458.)</span> <span class='ocrx_word' id='word_1_303' title='bbox 1889 1554 1968 1603; x_wconf 74' lang='lat' dir='ltr'>Cr.]</span> 
     </span>
     <span class='ocr_line' id='line_1_26' title="bbox 247 1616 1973 1665; baseline -0.005 -9"><span class='ocrx_word' id='word_1_304' title='bbox 247 1623 390 1656; x_wconf 85' lang='lat' dir='ltr'>Interim</span> <span class='ocrx_word' id='word_1_305' title='bbox 411 1622 564 1654; x_wconf 82' lang='lat' dir='ltr'>Socratis</span> <span class='ocrx_word' id='word_1_306' title='bbox 583 1622 743 1664; x_wconf 85' lang='lat' dir='ltr'>exemplo</span> <span class='ocrx_word' id='word_1_307' title='bbox 760 1621 903 1665; x_wconf 79' lang='lat' dir='ltr'>genium</span> <span class='ocrx_word' id='word_1_308' title='bbox 923 1631 958 1652; x_wconf 85' lang='lat' dir='ltr'>se</span> <span class='ocrx_word' id='word_1_309' title='bbox 978 1618 1104 1651; x_wconf 86' lang='lat' dir='ltr'>habere</span> <span class='ocrx_word' id='word_1_310' title='bbox 1118 1617 1280 1662; x_wconf 85' lang='lat' dir='ltr'>jactavit,</span> <span class='ocrx_word' id='word_1_311' title='bbox 1295 1628 1406 1659; x_wconf 78' lang='lat' dir='ltr'>neque</span> <span class='ocrx_word' id='word_1_312' title='bbox 1425 1617 1565 1660; x_wconf 85' lang='lat' dir='ltr'>aliquod</span> <span class='ocrx_word' id='word_1_313' title='bbox 1586 1628 1603 1649; x_wconf 88' lang='lat' dir='ltr'>e</span> <span class='ocrx_word' id='word_1_314' title='bbox 1624 1617 1730 1661; x_wconf 78' lang='lat' dir='ltr'>vulgo</span> <span class='ocrx_word' id='word_1_315' title='bbox 1748 1616 1973 1654; x_wconf 74' lang='lat' dir='ltr'>daemonium,</span> 
     </span>
     <span class='ocr_line' id='line_1_27' title="bbox 245 1673 1973 1722; baseline -0.005 -9"><span class='ocrx_word' id='word_1_316' title='bbox 245 1681 303 1714; x_wconf 85' lang='lat' dir='ltr'>sed</span> <span class='ocrx_word' id='word_1_317' title='bbox 324 1677 460 1713; x_wconf 82' lang='lat' dir='ltr'>Deumh</span> <span class='ocrx_word' id='word_1_318' title='bbox 478 1679 678 1722; x_wconf 85' lang='lat' dir='ltr'>quempiam</span> <span class='ocrx_word' id='word_1_319' title='bbox 708 1679 877 1722; x_wconf 83' lang='lat' dir='ltr'>majorem</span> <span class='ocrx_word' id='word_1_320' title='bbox 905 1676 1136 1714; x_wconf 66' lang='lat' dir='ltr'>daunonibus,</span> <span class='ocrx_word' id='word_1_321' title='bbox 1155 1676 1240 1718; x_wconf 91' lang='lat' dir='ltr'>quin</span> <span class='ocrx_word' id='word_1_322' title='bbox 1269 1675 1339 1707; x_wconf 89' lang='lat' dir='ltr'>imo</span> <span class='ocrx_word' id='word_1_323' title='bbox 1366 1675 1407 1707; x_wconf 89' lang='lat' dir='ltr'>ad</span> <span class='ocrx_word' id='word_1_324' title='bbox 1437 1675 1564 1707; x_wconf 81' lang='lat' dir='ltr'>summi</span> <span class='ocrx_word' id='word_1_325' title='bbox 1586 1674 1672 1707; x_wconf 65' lang='lat' dir='ltr'>Dei⁰</span> <span class='ocrx_word' id='word_1_326' title='bbox 1691 1685 1805 1707; x_wconf 87' lang='lat' dir='ltr'>coram</span> <span class='ocrx_word' id='word_1_327' title='bbox 1833 1673 1973 1706; x_wconf 87' lang='lat' dir='ltr'>fruendi</span> 
     </span>
     <span class='ocr_line' id='line_1_28' title="bbox 245 1732 1973 1781; baseline -0.005 -9"><span class='ocrx_word' id='word_1_328' title='bbox 245 1738 574 1781; x_wconf 83' lang='lat' dir='ltr'>contemplationem</span> <span class='ocrx_word' id='word_1_329' title='bbox 603 1737 723 1780; x_wconf 83' lang='lat' dir='ltr'>procul</span> <span class='ocrx_word' id='word_1_330' title='bbox 752 1736 865 1769; x_wconf 88' lang='lat' dir='ltr'>forma</span> <span class='ocrx_word' id='word_1_331' title='bbox 890 1741 924 1768; x_wconf 85' lang='lat' dir='ltr'>et</span> <span class='ocrx_word' id='word_1_332' title='bbox 951 1735 1027 1767; x_wconf 88' lang='lat' dir='ltr'>idea</span> <span class='ocrx_word' id='word_1_333' title='bbox 1050 1744 1270 1778; x_wconf 84' lang='lat' dir='ltr'>quacunque,</span> <span class='ocrx_word' id='word_1_334' title='bbox 1298 1738 1377 1765; x_wconf 87' lang='lat' dir='ltr'>actu</span> <span class='ocrx_word' id='word_1_335' title='bbox 1405 1733 1479 1776; x_wconf 67' lang='lat' dir='ltr'>ipso</span> <span class='ocrx_word' id='word_1_336' title='bbox 1506 1733 1691 1776; x_wconf 82' lang='lat' dir='ltr'>aliquoties</span> <span class='ocrx_word' id='word_1_337' title='bbox 1717 1732 1909 1764; x_wconf 82' lang='lat' dir='ltr'>admissum</span> <span class='ocrx_word' id='word_1_338' title='bbox 1938 1741 1973 1763; x_wconf 87' lang='lat' dir='ltr'>se</span> 
     </span>
     <span class='ocr_line' id='line_1_29' title="bbox 245 1788 1974 1841; baseline -0.005 -12"><span class='ocrx_word' id='word_1_339' title='bbox 245 1797 416 1841; x_wconf 83' lang='lat' dir='ltr'>gloriatus</span> <span class='ocrx_word' id='word_1_340' title='bbox 435 1800 497 1828; x_wconf 84' lang='lat' dir='ltr'>est.</span> <span class='ocrx_word' id='word_1_341' title='bbox 543 1795 667 1838; x_wconf 86' lang='lat' dir='ltr'>Itaque</span> <span class='ocrx_word' id='word_1_342' title='bbox 686 1800 719 1827; x_wconf 85' lang='lat' dir='ltr'>et</span> <span class='ocrx_word' id='word_1_343' title='bbox 735 1791 953 1827; x_wconf 71' lang='lat' dir='ltr'>Ammianus</span> <span class='ocrx_word' id='word_1_344' title='bbox 967 1789 1232 1825; x_wconf 67' lang='lat' dir='ltr'>Murcellinasd</span> <span class='ocrx_word' id='word_1_345' title='bbox 1252 1792 1343 1824; x_wconf 87' lang='lat' dir='ltr'>inter</span> <span class='ocrx_word' id='word_1_346' title='bbox 1361 1803 1429 1829; x_wconf 81' lang='lat' dir='ltr'>eos,</span> <span class='ocrx_word' id='word_1_347' title='bbox 1445 1791 1652 1834; x_wconf 83' lang='lat' dir='ltr'>quibuscum</span> <span class='ocrx_word' id='word_1_348' title='bbox 1672 1789 1862 1822; x_wconf 84' lang='lat' dir='ltr'>familiares</span> <span class='ocrx_word' id='word_1_349' title='bbox 1880 1788 1974 1833; x_wconf 88' lang='lat' dir='ltr'>genii</span> 
     </span>
    </p>
   </div>
   <div class='ocr_carea' id='block_1_3' title="bbox 248 1901 1090 2708">
    <p class='ocr_par' dir='ltr' id='par_1_4' title="bbox 248 1901 1087 2062">
     <span class='ocr_line' id='line_1_30' title="bbox 289 1901 1085 1939; baseline -0.004 -9"><span class='ocrx_word' id='word_1_350' title='bbox 289 1905 304 1919; x_wconf 49' lang='lat'>³&gt;</span> <span class='ocrx_word' id='word_1_351' title='bbox 332 1904 412 1935; x_wconf 78' lang='lat' dir='ltr'>Vide,</span> <span class='ocrx_word' id='word_1_352' title='bbox 436 1913 498 1939; x_wconf 71' lang='lat' dir='ltr'>qua·</span> <span class='ocrx_word' id='word_1_353' title='bbox 520 1913 604 1938; x_wconf 87' lang='lat' dir='ltr'>supra</span> <span class='ocrx_word' id='word_1_354' title='bbox 627 1903 755 1939; x_wconf 68' lang='lat' dir='ltr'>congessi</span> <span class='ocrx_word' id='word_1_355' title='bbox 781 1902 814 1928; x_wconf 88' lang='lat' dir='ltr'>ad</span> <span class='ocrx_word' id='word_1_356' title='bbox 841 1902 1026 1937; x_wconf 70' lang='lat' dir='ltr'>Porphyrium</span> <span class='ocrx_word' id='word_1_357' title='bbox 1051 1901 1085 1927; x_wconf 87' lang='lat' dir='ltr'>de</span> 
     </span>
     <span class='ocr_line' id='line_1_31' title="bbox 250 1941 1085 1979; baseline -0.005 -8"><span class='ocrx_word' id='word_1_358' title='bbox 250 1946 315 1971; x_wconf 73' lang='lat' dir='ltr'>Vita</span> <span class='ocrx_word' id='word_1_359' title='bbox 332 1944 434 1970; x_wconf 79' lang='lat' dir='ltr'>Plotini</span> <span class='ocrx_word' id='word_1_360' title='bbox 455 1953 515 1979; x_wconf 82' lang='lat' dir='ltr'>cap.</span> <span class='ocrx_word' id='word_1_361' title='bbox 534 1943 553 1969; x_wconf 92' lang='lat' dir='ltr'>l.</span> <span class='ocrx_word' id='word_1_362' title='bbox 577 1950 602 1969; x_wconf 81' lang='lat' dir='ltr'>et</span> <span class='ocrx_word' id='word_1_363' title='bbox 628 1943 743 1979; x_wconf 78' lang='lat' dir='ltr'>passim.</span> <span class='ocrx_word' id='word_1_364' title='bbox 760 1950 786 1970; x_wconf 82' lang='lat' dir='ltr'>et</span> <span class='ocrx_word' id='word_1_365' title='bbox 803 1942 920 1969; x_wconf 84' lang='lat' dir='ltr'>consule</span> <span class='ocrx_word' id='word_1_366' title='bbox 936 1941 1085 1978; x_wconf 61' lang='lat' dir='ltr'>&#39;l‘heophy-</span> 
     </span>
     <span class='ocr_line' id='line_1_32' title="bbox 248 1982 1087 2020; baseline -0.005 -8"><span class='ocrx_word' id='word_1_367' title='bbox 248 1985 314 2012; x_wconf 86' lang='lat' dir='ltr'>lacti</span> <span class='ocrx_word' id='word_1_368' title='bbox 338 1985 504 2011; x_wconf 67' lang='lat' dir='ltr'>Simocattze</span> <span class='ocrx_word' id='word_1_369' title='bbox 528 1985 678 2010; x_wconf 77' lang='grc' dir='ltr'>ἐπιστόλιον</span> <span class='ocrx_word' id='word_1_370' title='bbox 700 1984 733 2010; x_wconf 83' lang='lat' dir='ltr'>ad</span> <span class='ocrx_word' id='word_1_371' title='bbox 759 1985 819 2020; x_wconf 76' lang='lat' dir='ltr'>ejus</span> <span class='ocrx_word' id='word_1_372' title='bbox 843 1983 916 2009; x_wconf 64' lang='lat' dir='ltr'>Vim»</span> <span class='ocrx_word' id='word_1_373' title='bbox 940 1982 1048 2009; x_wconf 78' lang='lat' dir='ltr'>calcem</span> <span class='ocrx_word' id='word_1_374' title='bbox 1072 1992 1087 2008; x_wconf 78' lang='lat' dir='ltr'>a</span> 
     </span>
     <span class='ocr_line' id='line_1_33' title="bbox 249 2025 532 2062; baseline -0.007 -10"><span class='ocrx_word' id='word_1_375' title='bbox 249 2036 294 2053; x_wconf 88' lang='lat' dir='ltr'>me</span> <span class='ocrx_word' id='word_1_376' title='bbox 309 2025 463 2062; x_wconf 84' lang='lat' dir='ltr'>adjectum.</span> <span class='ocrx_word' id='word_1_377' title='bbox 489 2026 532 2050; x_wconf 72' lang='lat' dir='ltr'>(&#39;1·v</span> 
     </span>
    </p>

    <p class='ocr_par' dir='ltr' id='par_1_5' title="bbox 249 2063 1090 2708">
     <span class='ocr_line' id='line_1_34' title="bbox 289 2063 1087 2102; baseline -0.004 -10"><span class='ocrx_word' id='word_1_378' title='bbox 289 2066 322 2082; x_wconf 66' lang='lat'>*⁵²²</span> <span class='ocrx_word' id='word_1_379' title='bbox 348 2065 587 2102; x_wconf 72' lang='lat' dir='ltr'>[Congruentiam</span> <span class='ocrx_word' id='word_1_380' title='bbox 608 2064 793 2100; x_wconf 74' lang='lat' dir='ltr'>philosophia·</span> <span class='ocrx_word' id='word_1_381' title='bbox 810 2063 977 2089; x_wconf 79' lang='lat' dir='ltr'>Plotiniame</span> <span class='ocrx_word' id='word_1_382' title='bbox 1001 2070 1087 2098; x_wconf 82' lang='lat' dir='ltr'>atque</span> 
     </span>
     <span class='ocr_line' id='line_1_35' title="bbox 249 2103 1086 2136; baseline -0.002 -5"><span class='ocrx_word' id='word_1_383' title='bbox 249 2106 405 2136; x_wconf 79' lang='lat' dir='ltr'>orientalis,</span> <span class='ocrx_word' id='word_1_384' title='bbox 423 2105 535 2135; x_wconf 69' lang='lat' dir='ltr'>Indicae,</span> <span class='ocrx_word' id='word_1_385' title='bbox 554 2105 682 2133; x_wconf 56' lang='lat' dir='ltr'>Persica:</span> <span class='ocrx_word' id='word_1_386' title='bbox 701 2104 872 2132; x_wconf 71' lang='lat' dir='ltr'>Chaldaicae.</span> <span class='ocrx_word' id='word_1_387' title='bbox 887 2103 1086 2130; x_wconf 69' lang='lat' dir='ltr'>(labbalisticae</span> 
     </span>
     <span class='ocr_line' id='line_1_36' title="bbox 250 2144 1088 2182; baseline -0.005 -9"><span class='ocrx_word' id='word_1_388' title='bbox 250 2156 340 2182; x_wconf 87' lang='lat' dir='ltr'>nuper</span> <span class='ocrx_word' id='word_1_389' title='bbox 355 2151 551 2172; x_wconf 84' lang='lat' dir='ltr'>memorarunt</span> <span class='ocrx_word' id='word_1_390' title='bbox 567 2145 657 2171; x_wconf 86' lang='lat' dir='ltr'>multi.</span> <span class='ocrx_word' id='word_1_391' title='bbox 683 2145 758 2171; x_wconf 88' lang='lat' dir='ltr'>Hinc</span> <span class='ocrx_word' id='word_1_392' title='bbox 772 2144 919 2171; x_wconf 77' lang='lat' dir='ltr'>Malcolm.</span> <span class='ocrx_word' id='word_1_393' title='bbox 936 2144 1088 2170; x_wconf 69' lang='lat' dir='ltr'>Britannus</span> 
     </span>
     <span class='ocr_line' id='line_1_37' title="bbox 250 2184 1087 2222; baseline -0.004 -9"><span class='ocrx_word' id='word_1_394' title='bbox 250 2188 277 2214; x_wconf 89' lang='lat' dir='ltr'>in</span> <span class='ocrx_word' id='word_1_395' title='bbox 297 2187 414 2222; x_wconf 74' lang='lat' dir='ltr'>{listory</span> <span class='ocrx_word' id='word_1_396' title='bbox 430 2186 462 2212; x_wconf 80' lang='lat' dir='ltr'>of</span> <span class='ocrx_word' id='word_1_397' title='bbox 474 2186 568 2212; x_wconf 83' lang='lat' dir='ltr'>Persia</span> <span class='ocrx_word' id='word_1_398' title='bbox 584 2185 620 2211; x_wconf 89' lang='grc' dir='ltr'><strong>ΙΙ.</strong></span> <span class='ocrx_word' id='word_1_399' title='bbox 638 2195 664 2221; x_wconf 84' lang='lat' dir='ltr'>p.</span> <span class='ocrx_word' id='word_1_400' title='bbox 679 2186 746 2220; x_wconf 71' lang='lat'>384.</span> <span class='ocrx_word' id='word_1_401' title='bbox 777 2185 896 2211; x_wconf 66' lang='lat' dir='ltr'>Persica»</span> <span class='ocrx_word' id='word_1_402' title='bbox 912 2184 1087 2219; x_wconf 60' lang='lat' dir='ltr'>theosophiae</span> 
     </span>
     <span class='ocr_line' id='line_1_38' title="bbox 250 2225 1085 2264; baseline -0.004 -11"><span class='ocrx_word' id='word_1_403' title='bbox 250 2227 388 2264; x_wconf 79' lang='lat' dir='ltr'>originem</span> <span class='ocrx_word' id='word_1_404' title='bbox 410 2226 483 2261; x_wconf 88' lang='lat' dir='ltr'>apud</span> <span class='ocrx_word' id='word_1_405' title='bbox 505 2228 620 2252; x_wconf 63' lang='lat' dir='ltr'>Graecos</span> <span class='ocrx_word' id='word_1_406' title='bbox 640 2225 760 2252; x_wconf 75' lang='lat' dir='ltr'>inveniri</span> <span class='ocrx_word' id='word_1_407' title='bbox 782 2225 923 2261; x_wconf 74' lang='lat' dir='ltr'>opinatur,</span> <span class='ocrx_word' id='word_1_408' title='bbox 941 2225 986 2251; x_wconf 84' lang='lat' dir='ltr'>cui</span> <span class='ocrx_word' id='word_1_409' title='bbox 1007 2225 1085 2251; x_wconf 89' lang='lat' dir='ltr'>oblo-</span> 
     </span>
     <span class='ocr_line' id='line_1_39' title="bbox 252 2264 1089 2303; baseline -0.005 -9"><span class='ocrx_word' id='word_1_410' title='bbox 252 2268 347 2303; x_wconf 87' lang='lat' dir='ltr'>quitur</span> <span class='ocrx_word' id='word_1_411' title='bbox 362 2266 573 2302; x_wconf 84' lang='lat' dir='ltr'>quodammodo</span> <span class='ocrx_word' id='word_1_412' title='bbox 590 2266 634 2292; x_wconf 87' lang='lat' dir='ltr'>Fr.</span> <span class='ocrx_word' id='word_1_413' title='bbox 645 2266 677 2292; x_wconf 72' lang='grc' dir='ltr'><strong>Α.</strong></span> <span class='ocrx_word' id='word_1_414' title='bbox 690 2266 723 2292; x_wconf 84' lang='lat' dir='ltr'>l).</span> <span class='ocrx_word' id='word_1_415' title='bbox 737 2265 865 2292; x_wconf 85' lang='lat' dir='ltr'>Tholuck</span> <span class='ocrx_word' id='word_1_416' title='bbox 890 2265 918 2292; x_wconf 90' lang='lat' dir='ltr'>iu</span> <span class='ocrx_word' id='word_1_417' title='bbox 940 2265 1023 2294; x_wconf 89' lang='lat' dir='ltr'>libro,</span> <span class='ocrx_word' id='word_1_418' title='bbox 1041 2264 1089 2300; x_wconf 88' lang='lat' dir='ltr'>qui</span> 
     </span>
     <span class='ocr_line' id='line_1_40' title="bbox 251 2305 1087 2341; baseline -0.004 -7"><span class='ocrx_word' id='word_1_419' title='bbox 251 2307 413 2335; x_wconf 80' lang='lat' dir='ltr'>inscribitur</span> <span class='ocrx_word' id='word_1_420' title='bbox 429 2306 582 2333; x_wconf 78' lang='lat' dir='ltr'>Ssntismus</span> <span class='ocrx_word' id='word_1_421' title='bbox 598 2306 656 2332; x_wconf 83' lang='lat' dir='ltr'>sive</span> <span class='ocrx_word' id='word_1_422' title='bbox 673 2306 841 2341; x_wconf 83' lang='lat' dir='ltr'>theosophia</span> <span class='ocrx_word' id='word_1_423' title='bbox 856 2306 1002 2332; x_wconf 86' lang='lat' dir='ltr'>l&#39;ersarum</span> <span class='ocrx_word' id='word_1_424' title='bbox 1018 2305 1087 2331; x_wconf 83' lang='lat' dir='ltr'>Pau-</span> 
     </span>
     <span class='ocr_line' id='line_1_41' title="bbox 252 2346 1087 2381; baseline -0.005 -6"><span class='ocrx_word' id='word_1_425' title='bbox 252 2347 391 2375; x_wconf 83' lang='lat' dir='ltr'>theistica.</span> <span class='ocrx_word' id='word_1_426' title='bbox 420 2346 513 2373; x_wconf 80' lang='lat' dir='ltr'>Berol.</span> <span class='ocrx_word' id='word_1_427' title='bbox 537 2346 619 2372; x_wconf 75' lang='lat'>1821.</span> <span class='ocrx_word' id='word_1_428' title='bbox 642 2356 668 2381; x_wconf 90' lang='lat' dir='ltr'>p.</span> <span class='ocrx_word' id='word_1_429' title='bbox 687 2355 732 2380; x_wconf 69' lang='lat'>32.</span> <span class='ocrx_word' id='word_1_430' title='bbox 755 2356 815 2381; x_wconf 80' lang='lat' dir='ltr'>seq.</span> <span class='ocrx_word' id='word_1_431' title='bbox 867 2346 967 2381; x_wconf 70' lang='lat' dir='ltr'>Neque</span> <span class='ocrx_word' id='word_1_432' title='bbox 991 2352 1087 2371; x_wconf 84' lang='lat' dir='ltr'>tamen</span> 
     </span>
     <span class='ocr_line' id='line_1_42' title="bbox 252 2385 1089 2424; baseline -0.005 -9"><span class='ocrx_word' id='word_1_433' title='bbox 252 2389 327 2416; x_wconf 85' lang='lat' dir='ltr'>idem</span> <span class='ocrx_word' id='word_1_434' title='bbox 343 2393 439 2424; x_wconf 81' lang='lat' dir='ltr'>negat,</span> <span class='ocrx_word' id='word_1_435' title='bbox 456 2397 482 2422; x_wconf 91' lang='lat' dir='ltr'>p.</span> <span class='ocrx_word' id='word_1_436' title='bbox 496 2395 542 2421; x_wconf 79' lang='lat'>40.</span> <span class='ocrx_word' id='word_1_437' title='bbox 560 2396 599 2421; x_wconf 86' lang='lat' dir='ltr'>sq.</span> <span class='ocrx_word' id='word_1_438' title='bbox 644 2386 868 2412; x_wconf 64' lang='lat' dir='ltr'>Similitudinem</span> <span class='ocrx_word' id='word_1_439' title='bbox 885 2386 959 2412; x_wconf 86' lang='lat' dir='ltr'>inter</span> <span class='ocrx_word' id='word_1_440' title='bbox 974 2385 1089 2412; x_wconf 84' lang='lat' dir='ltr'>decreta</span> 
     </span>
     <span class='ocr_line' id='line_1_43' title="bbox 252 2426 1090 2462; baseline -0.006 -6"><span class='ocrx_word' id='word_1_441' title='bbox 252 2428 411 2456; x_wconf 86' lang='lat' dir='ltr'>Plotiniaua</span> <span class='ocrx_word' id='word_1_442' title='bbox 426 2427 499 2453; x_wconf 88' lang='lat' dir='ltr'>haud</span> <span class='ocrx_word' id='word_1_443' title='bbox 516 2436 606 2462; x_wconf 84' lang='lat' dir='ltr'>pauca</span> <span class='ocrx_word' id='word_1_444' title='bbox 621 2432 707 2461; x_wconf 84' lang='lat' dir='ltr'>atque</span> <span class='ocrx_word' id='word_1_445' title='bbox 721 2426 828 2452; x_wconf 71' lang='lat' dir='ltr'>Ssutica</span> <span class='ocrx_word' id='word_1_446' title='bbox 843 2426 890 2452; x_wconf 87' lang='lat' dir='ltr'>illa</span> <span class='ocrx_word' id='word_1_447' title='bbox 906 2426 964 2452; x_wconf 77' lang='lat' dir='ltr'>sive</span> <span class='ocrx_word' id='word_1_448' title='bbox 978 2426 1090 2451; x_wconf 78' lang='lat' dir='ltr'>Persica</span> 
     </span>
     <span class='ocr_line' id='line_1_44' title="bbox 252 2465 1090 2502; baseline -0.007 -5"><span class='ocrx_word' id='word_1_449' title='bbox 252 2468 452 2497; x_wconf 82' lang='lat' dir='ltr'>reconditiora.</span> <span class='ocrx_word' id='word_1_450' title='bbox 480 2467 563 2499; x_wconf 79' lang='lat' dir='ltr'>Quod</span> <span class='ocrx_word' id='word_1_451' title='bbox 579 2476 672 2502; x_wconf 86' lang='lat' dir='ltr'>nuper</span> <span class='ocrx_word' id='word_1_452' title='bbox 685 2466 841 2492; x_wconf 84' lang='lat' dir='ltr'>admodum</span> <span class='ocrx_word' id='word_1_453' title='bbox 857 2466 889 2492; x_wconf 88' lang='lat' dir='ltr'>C.</span> <span class='ocrx_word' id='word_1_454' title='bbox 904 2466 939 2492; x_wconf 86' lang='lat' dir='ltr'>ll.</span> <span class='ocrx_word' id='word_1_455' title='bbox 951 2467 984 2492; x_wconf 76' lang='lat' dir='ltr'>A.</span> <span class='ocrx_word' id='word_1_456' title='bbox 996 2465 1090 2492; x_wconf 79' lang='lat' dir='ltr'>Stein-</span> 
     </span>
     <span class='ocr_line' id='line_1_45' title="bbox 252 2505 1089 2540; baseline -0.007 -3"><span class='ocrx_word' id='word_1_457' title='bbox 252 2511 315 2537; x_wconf 83' lang='lat' dir='ltr'>hart</span> <span class='ocrx_word' id='word_1_458' title='bbox 330 2508 372 2536; x_wconf 90' lang='lat' dir='ltr'>vir</span> <span class='ocrx_word' id='word_1_459' title='bbox 386 2508 487 2534; x_wconf 77' lang='lat' dir='ltr'>doctus</span> <span class='ocrx_word' id='word_1_460' title='bbox 503 2507 531 2533; x_wconf 92' lang='lat' dir='ltr'>in</span> <span class='ocrx_word' id='word_1_461' title='bbox 547 2507 669 2540; x_wconf 79' lang='lat' dir='ltr'>Quaestt.</span> <span class='ocrx_word' id='word_1_462' title='bbox 684 2506 726 2532; x_wconf 88' lang='lat' dir='ltr'>De</span> <span class='ocrx_word' id='word_1_463' title='bbox 742 2506 900 2533; x_wconf 83' lang='lat' dir='ltr'>Dialectica</span> <span class='ocrx_word' id='word_1_464' title='bbox 916 2505 1019 2532; x_wconf 82' lang='lat' dir='ltr'>Plotini</span> <span class='ocrx_word' id='word_1_465' title='bbox 1035 2505 1089 2531; x_wconf 81' lang='lat' dir='ltr'>Ra-</span> 
     </span>
     <span class='ocr_line' id='line_1_46' title="bbox 253 2545 1089 2585; baseline -0.008 -7"><span class='ocrx_word' id='word_1_466' title='bbox 253 2551 330 2578; x_wconf 87' lang='lat' dir='ltr'>tione</span> <span class='ocrx_word' id='word_1_467' title='bbox 345 2559 374 2585; x_wconf 88' lang='lat' dir='ltr'>p.</span> <span class='ocrx_word' id='word_1_468' title='bbox 391 2557 435 2575; x_wconf 87' lang='lat'>12.</span> <span class='ocrx_word' id='word_1_469' title='bbox 451 2553 510 2574; x_wconf 90' lang='lat' dir='ltr'>not.</span> <span class='ocrx_word' id='word_1_470' title='bbox 526 2556 570 2581; x_wconf 82' lang='lat'>23.</span> <span class='ocrx_word' id='word_1_471' title='bbox 587 2547 694 2582; x_wconf 87' lang='lat' dir='ltr'>posuit:</span> <span class='ocrx_word' id='word_1_472' title='bbox 713 2552 730 2560; x_wconf 88' lang='lat'><strong>“</strong></span> <span class='ocrx_word' id='word_1_473' title='bbox 747 2547 849 2582; x_wconf 80' lang='lat' dir='ltr'>Neque</span> <span class='ocrx_word' id='word_1_474' title='bbox 865 2546 893 2573; x_wconf 94' lang='lat' dir='ltr'>in</span> <span class='ocrx_word' id='word_1_475' title='bbox 909 2546 957 2572; x_wconf 83' lang='lat' dir='ltr'>illa</span> <span class='ocrx_word' id='word_1_476' title='bbox 970 2545 1089 2579; x_wconf 85' lang='lat' dir='ltr'>(Plotini</span> 
     </span>
     <span class='ocr_line' id='line_1_47' title="bbox 254 2585 1090 2623; baseline -0.007 -6"><span class='ocrx_word' id='word_1_477' title='bbox 254 2590 397 2618; x_wconf 70' lang='lat' dir='ltr'>doctrina)</span> <span class='ocrx_word' id='word_1_478' title='bbox 416 2588 606 2615; x_wconf 76' lang='lat' dir='ltr'>inveniemus,</span> <span class='ocrx_word' id='word_1_479' title='bbox 624 2596 685 2623; x_wconf 59' lang='lat' dir='ltr'>quae</span> <span class='ocrx_word' id='word_1_480' title='bbox 709 2596 741 2613; x_wconf 76' lang='lat' dir='ltr'>ex</span> <span class='ocrx_word' id='word_1_481' title='bbox 757 2586 888 2613; x_wconf 86' lang='lat' dir='ltr'>orientali</span> <span class='ocrx_word' id='word_1_482' title='bbox 910 2585 1090 2621; x_wconf 76' lang='lat' dir='ltr'>philosophia</span> 
     </span>
     <span class='ocr_line' id='line_1_48' title="bbox 255 2626 1089 2665; baseline -0.006 -7"><span class='ocrx_word' id='word_1_483' title='bbox 255 2636 349 2658; x_wconf 78' lang='lat' dir='ltr'>essent</span> <span class='ocrx_word' id='word_1_484' title='bbox 364 2628 554 2665; x_wconf 76' lang='lat' dir='ltr'>repete11da:&#39;‘</span> <span class='ocrx_word' id='word_1_485' title='bbox 571 2627 661 2653; x_wconf 90' lang='lat' dir='ltr'>nolim</span> <span class='ocrx_word' id='word_1_486' title='bbox 674 2627 807 2662; x_wconf 88' lang='lat' dir='ltr'>equidem</span> <span class='ocrx_word' id='word_1_487' title='bbox 824 2627 883 2653; x_wconf 63' lang='lat' dir='ltr'>haec</span> <span class='ocrx_word' id='word_1_488' title='bbox 898 2633 956 2653; x_wconf 77' lang='lat' dir='ltr'>tam</span> <span class='ocrx_word' id='word_1_489' title='bbox 973 2626 1089 2661; x_wconf 62' lang='lat' dir='ltr'>praecise</span> 
     </span>
     <span class='ocr_line' id='line_1_49' title="bbox 253 2667 1090 2708; baseline -0.007 -10"><span class='ocrx_word' id='word_1_490' title='bbox 253 2669 442 2708; x_wconf 84' lang='lat' dir='ltr'>pronuntiari,</span> <span class='ocrx_word' id='word_1_491' title='bbox 459 2667 573 2704; x_wconf 82' lang='lat' dir='ltr'>quando</span> <span class='ocrx_word' id='word_1_492' title='bbox 590 2673 618 2694; x_wconf 87' lang='lat' dir='ltr'>et</span> <span class='ocrx_word' id='word_1_493' title='bbox 633 2667 661 2694; x_wconf 87' lang='lat' dir='ltr'>iu</span> <span class='ocrx_word' id='word_1_494' title='bbox 678 2667 745 2694; x_wconf 76' lang='lat' dir='ltr'>Asia</span> <span class='ocrx_word' id='word_1_495' title='bbox 761 2673 888 2694; x_wconf 79' lang='lat' dir='ltr'>versatus</span> <span class='ocrx_word' id='word_1_496' title='bbox 904 2673 945 2693; x_wconf 82' lang='lat' dir='ltr'>est</span> <span class='ocrx_word' id='word_1_497' title='bbox 962 2667 1090 2693; x_wconf 85' lang='lat' dir='ltr'>Plotinus</span> 
     </span>
    </p>
   </div>
   <div class='ocr_carea' id='block_1_4' title="bbox 1138 1896 1980 2659">
    <p class='ocr_par' dir='ltr' id='par_1_6' title="bbox 1138 1896 1973 2015">
     <span class='ocr_line' id='line_1_50' title="bbox 1138 1896 1973 1935; baseline -0.006 -8"><span class='ocrx_word' id='word_1_498' title='bbox 1138 1907 1163 1927; x_wconf 79' lang='lat' dir='ltr'>et</span> <span class='ocrx_word' id='word_1_499' title='bbox 1182 1900 1285 1926; x_wconf 65' lang='lat' dir='ltr'>saeculo</span> <span class='ocrx_word' id='word_1_500' title='bbox 1303 1905 1361 1935; x_wconf 71' lang='lat' dir='ltr'>post</span> <span class='ocrx_word' id='word_1_501' title='bbox 1378 1899 1429 1925; x_wconf 65' lang='lat' dir='ltr'>(lh.</span> <span class='ocrx_word' id='word_1_502' title='bbox 1443 1898 1477 1924; x_wconf 67' lang='lat' dir='ltr'>N.</span> <span class='ocrx_word' id='word_1_503' title='bbox 1491 1899 1575 1925; x_wconf 82' lang='lat' dir='ltr'>tertio</span> <span class='ocrx_word' id='word_1_504' title='bbox 1589 1905 1619 1924; x_wconf 86' lang='lat' dir='ltr'>ut</span> <span class='ocrx_word' id='word_1_505' title='bbox 1632 1897 1809 1925; x_wconf 70' lang='lat' dir='ltr'>Alexandriae</span> <span class='ocrx_word' id='word_1_506' title='bbox 1826 1897 1865 1923; x_wconf 84' lang='lat' dir='ltr'>ita</span> <span class='ocrx_word' id='word_1_507' title='bbox 1875 1896 1973 1923; x_wconf 60' lang='lat' dir='ltr'>Romae</span> 
     </span>
     <span class='ocr_line' id='line_1_51' title="bbox 1138 1937 1973 1975; baseline -0.005 -8"><span class='ocrx_word' id='word_1_508' title='bbox 1138 1940 1285 1967; x_wconf 79' lang='lat' dir='ltr'>orientalis</span> <span class='ocrx_word' id='word_1_509' title='bbox 1313 1939 1493 1975; x_wconf 75' lang='lat' dir='ltr'>philosophia</span> <span class='ocrx_word' id='word_1_510' title='bbox 1521 1939 1727 1975; x_wconf 74' lang='lat' dir='ltr'>religionesque</span> <span class='ocrx_word' id='word_1_511' title='bbox 1750 1937 1923 1974; x_wconf 67' lang='lat' dir='ltr'>pervulgatae</span> <span class='ocrx_word' id='word_1_512' title='bbox 1945 1946 1973 1963; x_wconf 87' lang='lat' dir='ltr'>e-</span> 
     </span>
     <span class='ocr_line' id='line_1_52' title="bbox 1138 1981 1295 2015; baseline -0.006 -8"><span class='ocrx_word' id='word_1_513' title='bbox 1138 1988 1211 2007; x_wconf 86' lang='lat' dir='ltr'>ram.</span> <span class='ocrx_word' id='word_1_514' title='bbox 1236 1981 1295 2015; x_wconf 60' lang='lat' dir='ltr'>(&#39;r.]</span> 
     </span>
    </p>

    <p class='ocr_par' dir='ltr' id='par_1_7' title="bbox 1141 2017 1974 2096">
     <span class='ocr_line' id='line_1_53' title="bbox 1179 2017 1974 2056; baseline -0.005 -9"><span class='ocrx_word' id='word_1_515' title='bbox 1179 2019 1193 2039; x_wconf 78' lang='lat' dir='ltr'>b</span> <span class='ocrx_word' id='word_1_516' title='bbox 1216 2021 1351 2056; x_wconf 70' lang='lat' dir='ltr'>Porphyr.</span> <span class='ocrx_word' id='word_1_517' title='bbox 1375 2020 1402 2046; x_wconf 83' lang='lat' dir='ltr'>iu</span> <span class='ocrx_word' id='word_1_518' title='bbox 1420 2020 1524 2046; x_wconf 79' lang='lat' dir='ltr'>Plotini</span> <span class='ocrx_word' id='word_1_519' title='bbox 1541 2019 1616 2046; x_wconf 76' lang='lat' dir='ltr'>Vita.</span> <span class='ocrx_word' id='word_1_520' title='bbox 1640 2028 1702 2055; x_wconf 84' lang='lat' dir='ltr'>cap.</span> <span class='ocrx_word' id='word_1_521' title='bbox 1724 2027 1766 2045; x_wconf 84' lang='lat'>¹0.</span> <span class='ocrx_word' id='word_1_522' title='bbox 1791 2017 1852 2053; x_wconf 87' lang='lat' dir='ltr'>[ubi</span> <span class='ocrx_word' id='word_1_523' title='bbox 1875 2023 1974 2044; x_wconf 75' lang='lat' dir='ltr'>annot.</span> 
     </span>
     <span class='ocr_line' id='line_1_54' title="bbox 1141 2062 1200 2096; baseline -0.017 -8"><span class='ocrx_word' id='word_1_524' title='bbox 1141 2062 1200 2096; x_wconf 75' lang='lat' dir='ltr'>Cr.]</span> 
     </span>
    </p>

    <p class='ocr_par' dir='ltr' id='par_1_8' title="bbox 1139 2097 1980 2620">
     <span class='ocr_line' id='line_1_55' title="bbox 1180 2097 1975 2138; baseline -0.006 -10"><span class='ocrx_word' id='word_1_525' title='bbox 1180 2107 1191 2120; x_wconf 72' lang='lat'>(¹</span> <span class='ocrx_word' id='word_1_526' title='bbox 1215 2102 1350 2138; x_wconf 70' lang='lat' dir='ltr'>Porphyr.</span> <span class='ocrx_word' id='word_1_527' title='bbox 1368 2101 1395 2127; x_wconf 93' lang='lat' dir='ltr'>in</span> <span class='ocrx_word' id='word_1_528' title='bbox 1414 2100 1518 2127; x_wconf 82' lang='lat' dir='ltr'>Plotini</span> <span class='ocrx_word' id='word_1_529' title='bbox 1534 2099 1608 2126; x_wconf 83' lang='lat' dir='ltr'>Vita.</span> <span class='ocrx_word' id='word_1_530' title='bbox 1627 2109 1688 2135; x_wconf 85' lang='lat' dir='ltr'>cap.</span> <span class='ocrx_word' id='word_1_531' title='bbox 1704 2107 1749 2133; x_wconf 67' lang='lat'>23.</span> <span class='ocrx_word' id='word_1_532' title='bbox 1770 2097 1828 2133; x_wconf 87' lang='lat' dir='ltr'>[Cf.</span> <span class='ocrx_word' id='word_1_533' title='bbox 1846 2097 1975 2125; x_wconf 81' lang='lat' dir='ltr'>Ennead.</span> 
     </span>
     <span class='ocr_line' id='line_1_56' title="bbox 1140 2138 1976 2177; baseline -0.005 -9"><span class='ocrx_word' id='word_1_534' title='bbox 1140 2143 1190 2169; x_wconf 68' lang='lat' dir='ltr'>IV.</span> <span class='ocrx_word' id='word_1_535' title='bbox 1209 2144 1234 2169; x_wconf 70' lang='lat' dir='ltr'>S.</span> <span class='ocrx_word' id='word_1_536' title='bbox 1257 2151 1277 2168; x_wconf 92' lang='lat'>1.</span> <span class='ocrx_word' id='word_1_537' title='bbox 1316 2141 1500 2177; x_wconf 71' lang='lat' dir='ltr'>Porphyrium</span> <span class='ocrx_word' id='word_1_538' title='bbox 1518 2146 1614 2166; x_wconf 88' lang='lat' dir='ltr'>tamen</span> <span class='ocrx_word' id='word_1_539' title='bbox 1631 2139 1877 2174; x_wconf 80' lang='lat' dir='ltr'>Iamblichumque</span> <span class='ocrx_word' id='word_1_540' title='bbox 1894 2138 1976 2165; x_wconf 75' lang='lat' dir='ltr'>alios-</span> 
     </span>
     <span class='ocr_line' id='line_1_57' title="bbox 1140 2179 1976 2218; baseline -0.006 -9"><span class='ocrx_word' id='word_1_541' title='bbox 1140 2193 1195 2218; x_wconf 83' lang='lat' dir='ltr'>que</span> <span class='ocrx_word' id='word_1_542' title='bbox 1218 2182 1389 2218; x_wconf 74' lang='lat' dir='ltr'>posteriores</span> <span class='ocrx_word' id='word_1_543' title='bbox 1405 2181 1567 2208; x_wconf 82' lang='lat' dir='ltr'>Platonicos</span> <span class='ocrx_word' id='word_1_544' title='bbox 1590 2179 1737 2206; x_wconf 73' lang='lat' dir='ltr'>recessisse</span> <span class='ocrx_word' id='word_1_545' title='bbox 1754 2189 1769 2205; x_wconf 88' lang='lat' dir='ltr'>a</span> <span class='ocrx_word' id='word_1_546' title='bbox 1784 2179 1898 2215; x_wconf 86' lang='lat' dir='ltr'>puriore</span> <span class='ocrx_word' id='word_1_547' title='bbox 1914 2179 1976 2205; x_wconf 84' lang='lat' dir='ltr'>Plo-</span> 
     </span>
     <span class='ocr_line' id='line_1_58' title="bbox 1140 2218 1978 2257; baseline -0.004 -8"><span class='ocrx_word' id='word_1_548' title='bbox 1140 2223 1192 2249; x_wconf 86' lang='lat' dir='ltr'>tini</span> <span class='ocrx_word' id='word_1_549' title='bbox 1215 2223 1324 2249; x_wconf 84' lang='lat' dir='ltr'>ratioue</span> <span class='ocrx_word' id='word_1_550' title='bbox 1348 2222 1495 2257; x_wconf 66' lang='lat' dir='ltr'>magisque</span> <span class='ocrx_word' id='word_1_551' title='bbox 1519 2220 1713 2256; x_wconf 81' lang='lat' dir='ltr'>superstitioni</span> <span class='ocrx_word' id='word_1_552' title='bbox 1733 2219 1871 2246; x_wconf 79' lang='lat' dir='ltr'>obnoxios</span> <span class='ocrx_word' id='word_1_553' title='bbox 1892 2218 1978 2246; x_wconf 79' lang='lat' dir='ltr'>fuisse</span> 
     </span>
     <span class='ocr_line' id='line_1_59' title="bbox 1140 2259 1979 2295; baseline -0.004 -5"><span class='ocrx_word' id='word_1_554' title='bbox 1140 2269 1217 2290; x_wconf 83' lang='lat' dir='ltr'>recte</span> <span class='ocrx_word' id='word_1_555' title='bbox 1234 2269 1331 2289; x_wconf 85' lang='lat' dir='ltr'>monet</span> <span class='ocrx_word' id='word_1_556' title='bbox 1347 2262 1485 2289; x_wconf 66' lang='lat' dir='ltr'>Steiuhart</span> <span class='ocrx_word' id='word_1_557' title='bbox 1501 2261 1518 2287; x_wconf 95' lang='lat' dir='ltr'>l.</span> <span class='ocrx_word' id='word_1_558' title='bbox 1530 2261 1549 2287; x_wconf 92' lang='lat' dir='ltr'>l.</span> <span class='ocrx_word' id='word_1_559' title='bbox 1595 2260 1663 2287; x_wconf 57' lang='lat' dir='ltr'>Haec</span> <span class='ocrx_word' id='word_1_560' title='bbox 1687 2270 1719 2286; x_wconf 87' lang='lat' dir='ltr'>eo</span> <span class='ocrx_word' id='word_1_561' title='bbox 1741 2260 1830 2295; x_wconf 71' lang='lat' dir='ltr'>magis</span> <span class='ocrx_word' id='word_1_562' title='bbox 1853 2259 1979 2287; x_wconf 77' lang='lat' dir='ltr'>tenenda</span> 
     </span>
     <span class='ocr_line' id='line_1_60' title="bbox 1140 2300 1977 2339; baseline -0.004 -9"><span class='ocrx_word' id='word_1_563' title='bbox 1140 2309 1216 2335; x_wconf 86' lang='lat' dir='ltr'>sunt,</span> <span class='ocrx_word' id='word_1_564' title='bbox 1233 2313 1289 2339; x_wconf 90' lang='lat' dir='ltr'>quo</span> <span class='ocrx_word' id='word_1_565' title='bbox 1305 2302 1407 2338; x_wconf 63' lang='lat' dir='ltr'>saepius</span> <span class='ocrx_word' id='word_1_566' title='bbox 1428 2312 1444 2328; x_wconf 80' lang='lat' dir='ltr'>a</span> <span class='ocrx_word' id='word_1_567' title='bbox 1460 2301 1526 2327; x_wconf 71' lang='lat' dir='ltr'>viris</span> <span class='ocrx_word' id='word_1_568' title='bbox 1549 2301 1634 2327; x_wconf 87' lang='lat' dir='ltr'>etiam</span> <span class='ocrx_word' id='word_1_569' title='bbox 1658 2301 1749 2327; x_wconf 82' lang='lat' dir='ltr'>doctis</span> <span class='ocrx_word' id='word_1_570' title='bbox 1772 2300 1892 2327; x_wconf 89' lang='lat' dir='ltr'>nimium</span> <span class='ocrx_word' id='word_1_571' title='bbox 1915 2300 1977 2327; x_wconf 83' lang='lat' dir='ltr'>uni-</span> 
     </span>
     <span class='ocr_line' id='line_1_61' title="bbox 1139 2340 1976 2378; baseline -0.004 -8"><span class='ocrx_word' id='word_1_572' title='bbox 1139 2353 1221 2370; x_wconf 82' lang='lat' dir='ltr'>versa</span> <span class='ocrx_word' id='word_1_573' title='bbox 1242 2343 1372 2378; x_wconf 85' lang='lat' dir='ltr'>adeoque</span> <span class='ocrx_word' id='word_1_574' title='bbox 1396 2342 1500 2378; x_wconf 82' lang='lat' dir='ltr'>injusta</span> <span class='ocrx_word' id='word_1_575' title='bbox 1517 2341 1625 2378; x_wconf 80' lang='lat' dir='ltr'>judicia</span> <span class='ocrx_word' id='word_1_576' title='bbox 1646 2341 1717 2367; x_wconf 77' lang='lat' dir='ltr'>fiunt</span> <span class='ocrx_word' id='word_1_577' title='bbox 1733 2341 1767 2367; x_wconf 86' lang='lat' dir='ltr'>de</span> <span class='ocrx_word' id='word_1_578' title='bbox 1783 2341 1836 2367; x_wconf 85' lang='lat' dir='ltr'>hac</span> <span class='ocrx_word' id='word_1_579' title='bbox 1852 2340 1976 2376; x_wconf 85' lang='lat' dir='ltr'>philoso-</span> 
     </span>
     <span class='ocr_line' id='line_1_62' title="bbox 1140 2381 1977 2419; baseline -0.004 -9"><span class='ocrx_word' id='word_1_580' title='bbox 1140 2384 1216 2419; x_wconf 84' lang='lat' dir='ltr'>phia,</span> <span class='ocrx_word' id='word_1_581' title='bbox 1233 2393 1319 2419; x_wconf 87' lang='lat' dir='ltr'>quam</span> <span class='ocrx_word' id='word_1_582' title='bbox 1337 2382 1576 2418; x_wconf 75' lang='lat' dir='ltr'>Neoplatonicam</span> <span class='ocrx_word' id='word_1_583' title='bbox 1593 2381 1701 2408; x_wconf 86' lang='lat' dir='ltr'>dicunt.</span> <span class='ocrx_word' id='word_1_584' title='bbox 1743 2382 1886 2408; x_wconf 83' lang='lat' dir='ltr'>Accurate</span> <span class='ocrx_word' id='word_1_585' title='bbox 1903 2381 1977 2408; x_wconf 90' lang='lat' dir='ltr'>enim</span> 
     </span>
     <span class='ocr_line' id='line_1_63' title="bbox 1141 2421 1980 2460; baseline -0.002 -10"><span class='ocrx_word' id='word_1_586' title='bbox 1141 2423 1342 2460; x_wconf 80' lang='lat' dir='ltr'>distinguenda</span> <span class='ocrx_word' id='word_1_587' title='bbox 1365 2429 1430 2449; x_wconf 83' lang='lat' dir='ltr'>sunt</span> <span class='ocrx_word' id='word_1_588' title='bbox 1447 2422 1550 2449; x_wconf 88' lang='lat' dir='ltr'>Plotini</span> <span class='ocrx_word' id='word_1_589' title='bbox 1566 2422 1683 2449; x_wconf 86' lang='lat' dir='ltr'>decreta</span> <span class='ocrx_word' id='word_1_590' title='bbox 1702 2422 1826 2457; x_wconf 63' lang='lat' dir='ltr'>vitaeque</span> <span class='ocrx_word' id='word_1_591' title='bbox 1849 2421 1980 2448; x_wconf 77' lang='lat' dir='ltr'>instituta</span> 
     </span>
     <span class='ocr_line' id='line_1_64' title="bbox 1141 2462 1977 2499; baseline -0.002 -9"><span class='ocrx_word' id='word_1_592' title='bbox 1141 2474 1157 2490; x_wconf 87' lang='lat' dir='ltr'>a</span> <span class='ocrx_word' id='word_1_593' title='bbox 1172 2463 1294 2490; x_wconf 83' lang='lat' dir='ltr'>decretis</span> <span class='ocrx_word' id='word_1_594' title='bbox 1310 2463 1500 2499; x_wconf 78' lang='lat' dir='ltr'>posteriorum</span> <span class='ocrx_word' id='word_1_595' title='bbox 1519 2462 1746 2489; x_wconf 82' lang='lat' dir='ltr'>Platonicorum.</span> <span class='ocrx_word' id='word_1_596' title='bbox 1770 2462 1841 2494; x_wconf 73' lang='lat' dir='ltr'>Quae</span> <span class='ocrx_word' id='word_1_597' title='bbox 1858 2462 1879 2487; x_wconf 78' lang='lat' dir='ltr'>si</span> <span class='ocrx_word' id='word_1_598' title='bbox 1894 2471 1977 2497; x_wconf 90' lang='lat' dir='ltr'>repu-</span> 
     </span>
     <span class='ocr_line' id='line_1_65' title="bbox 1142 2501 1977 2539; baseline -0.002 -9"><span class='ocrx_word' id='word_1_599' title='bbox 1142 2510 1227 2530; x_wconf 79' lang='lat' dir='ltr'>tasset</span> <span class='ocrx_word' id='word_1_600' title='bbox 1243 2513 1301 2530; x_wconf 87' lang='lat' dir='ltr'>non</span> <span class='ocrx_word' id='word_1_601' title='bbox 1318 2510 1375 2530; x_wconf 83' lang='lat' dir='ltr'>tam</span> <span class='ocrx_word' id='word_1_602' title='bbox 1393 2502 1509 2529; x_wconf 75' lang='lat' dir='ltr'>confuse</span> <span class='ocrx_word' id='word_1_603' title='bbox 1521 2503 1678 2539; x_wconf 81' lang='lat' dir='ltr'>judicasset</span> <span class='ocrx_word' id='word_1_604' title='bbox 1693 2503 1736 2528; x_wconf 77' lang='lat' dir='ltr'>vir</span> <span class='ocrx_word' id='word_1_605' title='bbox 1748 2502 1895 2536; x_wconf 84' lang='lat' dir='ltr'>ceteroqui</span> <span class='ocrx_word' id='word_1_606' title='bbox 1911 2501 1977 2528; x_wconf 88' lang='lat' dir='ltr'>doc-</span> 
     </span>
     <span class='ocr_line' id='line_1_66' title="bbox 1141 2541 1977 2579; baseline -0.002 -9"><span class='ocrx_word' id='word_1_607' title='bbox 1141 2550 1186 2571; x_wconf 83' lang='lat' dir='ltr'>tus</span> <span class='ocrx_word' id='word_1_608' title='bbox 1210 2544 1264 2570; x_wconf 77' lang='lat' dir='ltr'>Ad.</span> <span class='ocrx_word' id='word_1_609' title='bbox 1280 2545 1373 2579; x_wconf 72' lang='lat' dir='ltr'>Coray</span> <span class='ocrx_word' id='word_1_610' title='bbox 1389 2544 1418 2569; x_wconf 92' lang='lat' dir='ltr'>in</span> <span class='ocrx_word' id='word_1_611' title='bbox 1435 2543 1626 2579; x_wconf 78' lang='lat' dir='ltr'>Prolegomm.</span> <span class='ocrx_word' id='word_1_612' title='bbox 1651 2543 1685 2570; x_wconf 82' lang='lat' dir='ltr'>ad</span> <span class='ocrx_word' id='word_1_613' title='bbox 1704 2543 1816 2569; x_wconf 73' lang='grc' dir='ltr'>’Ἄτακτα</span> <span class='ocrx_word' id='word_1_614' title='bbox 1836 2541 1918 2568; x_wconf 88' lang='lat' dir='ltr'>Tom.</span> <span class='ocrx_word' id='word_1_615' title='bbox 1937 2541 1977 2568; x_wconf 88' lang='lat' dir='ltr'>II.</span> 
     </span>
     <span class='ocr_line' id='line_1_67' title="bbox 1141 2584 1374 2620; baseline -0.004 -9"><span class='ocrx_word' id='word_1_616' title='bbox 1141 2594 1168 2620; x_wconf 89' lang='lat' dir='ltr'>p.</span> <span class='ocrx_word' id='word_1_617' title='bbox 1185 2592 1230 2619; x_wconf 81' lang='lat'>25.</span> <span class='ocrx_word' id='word_1_618' title='bbox 1247 2594 1287 2620; x_wconf 80' lang='lat' dir='ltr'>sq.</span> <span class='ocrx_word' id='word_1_619' title='bbox 1313 2584 1374 2618; x_wconf 78' lang='lat'>(&#39;1·.]</span> 
     </span>
    </p>

    <p class='ocr_par' dir='ltr' id='par_1_9' title="bbox 1181 2623 1647 2659">
     <span class='ocr_line' id='line_1_68' title="bbox 1181 2623 1647 2659; baseline -0.002 -8"><span class='ocrx_word' id='word_1_620' title='bbox 1181 2623 1194 2643; x_wconf 68' lang='lat'>(¹</span> <span class='ocrx_word' id='word_1_621' title='bbox 1219 2624 1279 2651; x_wconf 86' lang='lat' dir='ltr'>Lib.</span> <span class='ocrx_word' id='word_1_622' title='bbox 1298 2624 1379 2651; x_wconf 72' lang='lat' dir='ltr'>xxi.</span> <span class='ocrx_word' id='word_1_623' title='bbox 1398 2623 1507 2650; x_wconf 75' lang='lat' dir='ltr'>Ilistor.</span> <span class='ocrx_word' id='word_1_624' title='bbox 1523 2632 1586 2659; x_wconf 83' lang='lat' dir='ltr'>cap.</span> <span class='ocrx_word' id='word_1_625' title='bbox 1605 2632 1647 2657; x_wconf 84' lang='lat'>14.</span> 
     </span>
    </p>
   </div>
  </div>
 </body>
</html>
