2201 2990
202 160 261 191 xvi
734 150 882 185 PETR.
910 151 1097 185 PERNAE
1126 148 1410 184 PRAEFATIO.

208 258 361 301 primum
381 255 473 287 iuter
491 253 592 286 hosce
610 253 725 285 locum
744 251 922 290 meruerit,
941 262 1019 284 cum
1040 251 1068 283 si
1087 261 1164 283 cum
1193 249 1337 293 reliquis
1364 248 1520 293 ejusdem
1548 246 1773 291 professionis
1801 257 1939 289 compa-

208 320 316 353 retur,
334 325 403 346 non
433 312 548 345 minus
576 310 659 343 Θείου
680 310 914 353 appellatione
938 309 1066 354 dignus
1092 308 1263 347 videatur,
1281 317 1387 351 quam
1408 306 1511 338 Plato
1537 306 1632 345 olim,
1651 316 1728 338 cum
1748 304 1941 338 Aristotele

210 371 357 414 δαιμονίῳ
375 371 531 404 collatus.
576 368 678 407 Quod
698 368 726 400 si
748 379 831 400 vero
850 369 904 400 vel
922 368 1005 411 quia
1024 367 1148 405 noluit,
1168 367 1222 398 vel
1241 366 1324 409 quia
1342 364 1497 397 numinis
1517 363 1733 408 benignitate
1752 363 1941 396 destitutus

211 431 254 463 ad
274 435 416 462 aeternae
436 427 575 472 pietatis
594 426 829 471 cognitionem
858 425 1040 468 pervenire
1068 435 1136 457 non
1162 424 1298 467 potuit:
1325 427 1362 456 at
1386 433 1459 461 1108,
1478 421 1607 465 quibus
1631 421 1811 454 liberalior
1828 421 1941 453 divini

211 489 356 532 spiritus
374 487 490 532 gratia
508 485 652 523 affulsit,
671 483 930 527 philosophiam
951 483 1026 527 ejus
1045 486 1182 514 naturae
1207 485 1312 514 rectae
1338 484 1618 519 consentaneam,
1637 484 1672 512 et
1690 484 1833 512 eatenus
1852 490 1873 512 a
1891 479 1943 511 di-

213 548 295 580 vina
313 545 535 579 Auctoritate
561 553 631 576 non
659 542 821 580 alienam,
841 540 1047 585 Theologiae
1072 539 1297 572 subancillari
1316 548 1503 583 cogamus:
1531 538 1694 581 ipsosque
1712 542 1850 569 naturae
1868 536 1944 569 the-

212 616 334 638 sauros
353 604 389 636 in
408 600 675 644 contemplando
694 599 799 631 simul
817 603 852 630 et
870 598 1006 642 agendo
1024 608 1066 630 ex
1086 596 1322 640 penetralibus
1342 596 1435 628 hisce
1454 600 1583 633 erutos,
1603 596 1644 628 ad
1660 594 1726 627 Dei
1746 595 1851 627 unius
1869 595 1944 639 glo-

213 664 313 699 riam,
332 660 472 697 referre,
490 664 524 692 et
541 659 577 691 in
596 659 671 690 luce
690 657 795 695 illius,
814 657 874 699 qui
894 666 1033 689 omnem
1053 655 1231 687 hominem
1257 654 1315 686 sed
1334 654 1473 697 dispare
1495 654 1598 686 modo
1617 653 1805 691 illuminat,
1825 653 1944 696 acqui-

214 731 326 753 escere
345 719 530 751 discamus.
584 715 661 747 Hoc
679 725 762 747 sane
780 714 936 752 consilio,
952 712 1032 746 VV.
1052 712 1246 750 clarissimi,
1266 711 1458 750 Plotinum,
1477 712 1537 755 qui
1565 716 1646 743 ante
1673 711 1807 753 aliquot
1834 721 1944 743 annos

214 790 256 811 ex
284 777 419 810 officina
446 779 576 812 nostra,
604 772 766 805 Marsilio
786 771 909 804 Ficino
936 771 1189 813 interpretante
1216 770 1405 812 prodierat,
1424 774 1577 813 quatuor
1595 768 1801 801 Graecorum
1829 778 1945 800 exem-

215 836 366 879 plarium
394 832 726 874 manuscriptorum,
745 830 853 862 trium
878 829 1019 872 quidem
1047 827 1262 866 Italicorum,
1280 828 1397 870 quarti
1417 838 1499 860 vero
1517 826 1539 859 J
1543 838 1573 859 o.
1593 826 1757 859 Sambuci
1778 825 1944 858 Tirnavi-

215 894 318 931 ensis,
336 891 487 925 Caesaris
507 889 689 927 Historici,
708 887 917 920 liberalitate
941 886 1097 919 literaria
1122 885 1270 928 privatis
1297 885 1459 918 omnibus
1487 884 1708 928 praeferendi,
1728 883 1944 927 principibus

215 953 319 984 etiam
340 950 513 994 plerisque
532 946 744 984 conferendi,
762 945 829 977 fide
847 956 886 977 ae
905 943 1073 982 subsidio,
1091 954 1154 975 sua
1173 954 1265 976 nunc
1284 943 1405 987 lingua
1424 944 1623 986 loquentem
1643 947 1677 975 et
1702 942 1893 974 auctiorem
1912 946 1946 973 et

215 1009 487 1042 emendatiorem
506 1007 589 1039 dare
608 1004 802 1037 voluimus:
830 1006 870 1034 ut
889 1000 1121 1045 philosophiae
1141 1000 1345 1039 platonicas,
1365 1001 1398 1033 li.
1411 1012 1438 1033 e.
1458 1012 1538 1044 quae
1553 1000 1765 1033 Christianae
1783 999 1945 1043 religioni

216 1068 368 1100 maxime
387 1065 500 1098 affinis
519 1068 581 1101 est,
596 1066 630 1094 et
648 1060 908 1105 cognoscendae,
923 1064 958 1091 et
970 1059 1185 1102 judicandae,
1199 1063 1233 1090 et
1251 1059 1293 1090 ad
1313 1069 1417 1091 usum
1438 1069 1530 1091 verae
1549 1058 1690 1100 pietatis
1709 1057 1945 1095 traducendae,

216 1126 399 1167 utriusque
418 1123 549 1166 linguae
568 1119 734 1152 studiosis
753 1121 961 1160 potestatem
981 1115 1194 1148 faceremus:
1213 1127 1291 1148 curn
1311 1127 1351 1148 ea
1368 1116 1621 1148 sententiarum
1641 1115 1800 1148 ubertate
1819 1120 1853 1147 et
1872 1125 1948 1146 ver-

217 1183 341 1215 borum
362 1180 531 1213 brevitate
550 1181 692 1215 scateat,
706 1180 747 1208 ut
764 1175 941 1207 interdum
961 1185 1003 1206 ex
1018 1173 1152 1206 Graecis
1172 1173 1299 1205 rectius
1317 1184 1423 1216 quam
1442 1184 1485 1205 ex
1504 1173 1643 1205 Latinis
1662 1173 1811 1217 intelligi
1831 1176 1947 1216 queat,

218 1241 313 1273 nullo
332 1239 472 1283 quidem
498 1235 700 1278 interpretis
720 1233 817 1271 vitio,
837 1232 895 1264 sed
915 1231 958 1263 ob
977 1232 1025 1264 rei
1050 1231 1159 1275 ipsius
1183 1231 1444 1267 obscuritatem,
1463 1235 1497 1263 et
1523 1231 1656 1274 linguae
1683 1229 1947 1273 proprietatem.

220 1298 325 1331 Hunc
343 1297 489 1330 eundem
511 1305 594 1327 vero
613 1297 789 1325 auctorem
811 1295 937 1323 vestrae
956 1290 1176 1332 potissimum
1199 1289 1299 1332 Reip.
1316 1288 1439 1321 Patres
1459 1288 1678 1331 amplissimi,
1698 1287 1822 1320 offerre
1842 1287 1948 1326 volui,

219 1361 258 1389 ut
276 1356 417 1399 quando
435 1352 630 1387 similitudo
648 1350 742 1394 parit
759 1348 942 1386 amicitias,
962 1347 1121 1390 princeps
1140 1346 1382 1390 philosophus.
1398 1347 1558 1389 idemque
1578 1345 1736 1378 veritatis
1755 1350 1789 1378 et
1808 1345 1950 1378 virtutis

219 1416 253 1447 in
273 1425 336 1446 suo
353 1423 480 1458 genere
498 1411 618 1444 doctor
637 1407 806 1441 eximius:
834 1405 898 1438 sub
918 1406 1011 1438 illius
1032 1405 1250 1447 Reipublicze
1269 1405 1372 1437 titulo
1391 1416 1429 1437 ac
1449 1404 1643 1447 patrocinio
1661 1404 1828 1447 prodiret,
1847 1414 1924 1447 quae

606 1474 692 1503 Inter
708 1470 873 1501 Teutouize
890 1477 1009 1500 tantum
1027 1477 1119 1511 caput
1136 1468 1247 1499 extulit
1265 1468 1365 1505 urbes,

606 1526 764 1561 Quantum
782 1522 865 1552 lenta
880 1520 977 1551 solent
993 1520 1071 1551 luter
1088 1520 1218 1550 viburna
1234 1519 1369 1561 cupressi

220 1602 369 1635 quaeque
396 1589 587 1621 multorum
611 1586 687 1630 jam
715 1595 887 1618 annorum
916 1588 1096 1616 constante
1123 1582 1349 1619 successione,
1368 1586 1400 1613 et
1420 1579 1641 1613 Corinthiam
1669 1580 1896 1623 opulentiam,
1915 1584 1949 1613 et

220 1650 389 1693 optimam
416 1646 649 1689 disciplinam,
669 1643 843 1686 Spartana
871 1642 982 1674 multo
1008 1641 1228 1678 sanctiorem,
1254 1640 1288 1671 in
1317 1639 1431 1671 media
1455 1638 1645 1671 Germania
1672 1638 1854 1681 expressit,
1873 1638 1950 1670 diu-

221 1714 395 1749 turnaque
422 1703 640 1748 benignitate
665 1702 756 1734 inter
774 1704 826 1734 tot
848 1699 1020 1732 libertatis
1045 1699 1266 1731 insidiatores
1290 1697 1429 1729 fortiter
1447 1696 1677 1729 conservavit.
1730 1695 1797 1728 Sed
1817 1700 1856 1728 ut
1875 1695 1950 1728 haec

221 1766 318 1799 avita
343 1767 426 1797 sunt
452 1761 605 1794 civitatis
632 1764 759 1792 vestrae
786 1758 954 1796 encomia,
982 1758 1031 1790 ita
1057 1757 1150 1800 quod
1178 1766 1270 1788 nunc
1296 1755 1481 1787 dicendum
1511 1755 1616 1792 venit,
1641 1753 1749 1792 vobis,
1780 1754 1948 1786 bonorum

223 1826 409 1867 parentum
431 1831 607 1865 generosa·
633 1817 842 1861 posteritati,
862 1815 1065 1859 proprium:
1092 1815 1185 1858 quod
1211 1825 1279 1846 non
1308 1813 1424 1845 minus
1450 1813 1558 1857 regio,
1577 1823 1682 1855 quam
1711 1811 1951 1855 philosophico

223 1881 352 1919 animo,
369 1879 434 1912 hoc
452 1883 620 1920 tempore,
638 1887 707 1920 quo
725 1876 909 1919 plerosque
929 1874 982 1906 vel
1001 1873 1097 1916 turpi
1117 1873 1171 1905 vel
1194 1872 1289 1904 inani
1309 1871 1391 1909 otio,
1410 1882 1453 1903 ne
1471 1871 1555 1914 quid
1580 1870 1724 1914 gravius
1749 1870 1873 1907 dicam,
1892 1881 1953 1912 po-

224 1939 309 1971 litiis
336 1936 501 1970 incubare
526 1935 697 1973 videmus,
716 1932 943 1966 Academiam
964 1930 1203 1963 Altorfensem
1232 1929 1466 1967 institueritis,
1485 1933 1519 1960 et
1538 1927 1677 1960 doctiss.
1699 1927 1853 1960 virorum
1881 1938 1954 1960 am-

226 1997 319 2039 pliss.
347 1993 530 2038 stipendiis
557 1997 792 2030 evocatorum,
811 1991 1007 2023 eruditione
1033 2000 1073 2021 ac
1097 1988 1228 2020 virtute
1252 1988 1302 2020 ita
1328 1986 1603 2019 conservandam
1623 1985 1840 2023 curaveritis,
1858 1990 1897 2018 ut
1917 1985 1953 2017 in

226 2058 403 2097 posterum
432 2052 601 2094 inclytam
627 2050 827 2083 Germaniae
853 2047 1137 2091 Norimbergam,
1164 2056 1233 2078 non
1261 2045 1365 2077 modo
1392 2044 1717 2087 prol›atissimarum
1746 2043 1955 2086 pretiosissi-

227 2121 433 2153 marumque
451 2109 631 2147 mercium,
650 2109 708 2140 sed
728 2113 761 2140 et
781 2107 993 2150 optimarum
1019 2104 1411 2145 laudatissimai-umque
1430 2103 1559 2134 artium
1579 2102 1785 2145 emporium,
1804 2101 1955 2134 Christi-

227 2180 314 2201 anus
341 2168 434 2201 orbis
461 2172 495 2199 et
521 2167 761 2199 admiraturus
788 2165 844 2202 sit,
869 2168 903 2197 et
930 2162 1177 2196 celebraturus
1231 2161 1332 2193 More
1357 2160 1484 2193 veteris
1512 2160 1649 2192 militiae
1675 2159 1848 2192 Romame
1874 2158 1954 2191 boni

228 2226 379 2259 nominis
407 2225 602 2268 ominisque.
628 2224 727 2256 miles
754 2223 889 2266 primus
916 2221 996 2265 legi,
1015 2225 1049 2253 et
1067 2219 1245 2252 Castrensi
1273 2219 1431 2263 catalogo
1457 2218 1563 2250 inseri
1591 2222 1829 2250 consueverat.
1882 2216 1956 2250 Vos

230 2285 362 2321 itidem,
389 2282 467 2315 Viri
498 2282 653 2314 omnium
686 2281 848 2314 ordinum
881 2279 1076 2316 clarissimi,
1107 2276 1396 2309 Academicorum
1428 2275 1621 2319 principem
1650 2274 1842 2314 Plotinum,
1869 2286 1956 2307 meae

229 2353 311 2386 erga
328 2341 453 2383 Remp.
474 2343 625 2372 vestram
653 2339 779 2371 veteris
806 2337 1050 2374 observantiae,
1069 2347 1152 2380 erga
1170 2335 1399 2368 Academiam
1426 2344 1528 2366 novae
1555 2333 1807 2366 benevolentiae
1833 2337 1955 2365 testem

229 2405 334 2443 atque
353 2399 488 2436 vadem,
507 2409 576 2440 qua
602 2397 732 2435 soletis,
751 2395 982 2432 humanitate,
1002 2394 1161 2436 excipite,
1180 2397 1214 2425 et
1240 2404 1295 2424 me
1318 2391 1609 2425 Academicorum
1629 2391 1785 2423 omnium
1805 2401 1959 2423 commu-

230 2469 309 2491 nem
328 2456 625 2490 obstetricatorem
646 2455 681 2487 in
698 2458 848 2486 vestram
869 2453 1029 2494 deinceps
1049 2451 1244 2483 clientelam
1264 2450 1439 2492 suscipite.
1468 2448 1590 2482 Valete
1605 2447 1805 2481 Germaniae
1824 2448 1957 2481 lumina

231 2521 335 2559 atque
353 2514 538 2547 columina.
592 2512 742 2545 Basileae
760 2510 922 2544 A.D.V1.
952 2509 1029 2541 KL.
1049 2508 1143 2551 Sept.
1171 2519 1263 2540 anno
1282 2507 1485 2540 Christiano
1505 2505 1711 2539 MDXXC.

1082 2686 1281 2717 Addictissim
1288 2698 1322 2716 us

956 2750 1118 2783 PETRUS
1138 2749 1284 2781 Pmmx
1305 2748 1613 2781 TYI‘OGRAPHUS
1634 2747 1906 2779 BASILIENSIS.
