2201 2990
701 121 866 156 INDEX
893 118 1207 153 APPARATUS
1233 119 1437 153 CRITICI.

1878 122 1938 154 xlv

358 226 390 257 4.
417 223 528 257 Marc.
547 221 593 255 D.
621 231 716 253 nuni.
736 215 885 253 CCIX.h

356 284 390 314 5.
418 280 528 313 Marc.
548 278 592 311 E.
620 289 717 310 1111111.
736 274 935 309 CCXLIV.
980 274 1061 307 Duo
1091 275 1260 317 postremi
1287 285 1357 307 non
1384 278 1466 307 sunt
1493 275 1633 319 integri.
1687 275 1775 309 Tres
1806 278 1938 320 priores

306 343 406 372 erant
430 338 513 370 olim
539 337 576 369 in
603 335 701 368 libris
721 334 941 368 Bessarionis
961 333 1172 372 cardinalis,
1191 337 1231 365 ut
1248 344 1303 365 me
1322 333 1441 365 docuit
1458 330 1621 365 Jaeohus
1639 330 1846 374 sslorellins,
1864 335 1939 379 ejus

306 395 526 429 bibliotheca}
558 393 755 437 praefectus.

306 453 383 496 ipso
405 456 585 495 excerptas
609 451 767 484 codicum
793 450 899 483 trium
924 450 1088 482 lectiones
1115 460 1133 481 e
1159 448 1249 481 libro
1271 447 1344 494 περὶ
1365 447 1541 482 ἀθανασίας
1561 446 1692 493 ψυχῆςτ
1720 448 1838 481 eodem
1861 461 1941 483 vero

306 516 516 554 procurante
543 510 698 554 integros
726 508 875 542 contulit
902 507 965 539 hos
992 506 1137 540 Codices
1164 517 1284 539 omnes
1311 517 1449 538 summa
1475 517 1553 538 cum
1582 517 1665 538 cura
1691 506 1942 551 diligentiaque

311 565 412 602 Gelil.
442 565 628 605 Iiinckiew,
657 567 739 600 olim
772 566 959 599 Seminarii
988 564 1194 609 philologici
1227 564 1534 608 Heidelbergensis
1565 565 1705 603 sodalis,
1732 569 1853 607 postea
1883 575 1944 607 per

308 627 443 670 aliquot
469 637 578 659 annos
606 625 702 657 verbi
732 624 843 657 divini
873 622 1031 656 Venetiis
1060 623 1153 666 apud
1183 622 1470 655 Lutheranorunl
1500 622 1603 655 coetui
1632 622 1826 665 adscriptos
1855 622 1946 654 min-

308 681 418 718 isteri.

809 392 911 425 Misit
942 391 998 424 hic
1026 391 1080 424 vir
1106 390 1418 423 reverendissii'nus
1450 390 1606 433 mihique
1635 391 1866 425 amicissimus
1897 393 1941 425 ab

211 741 315 776 VIII.
350 739 498 776 Codices
530 738 565 772 V
565 738 820 773 imlobonenses
847 744 1019 783 quatuor:
1052 749 1200 782 quorum
1229 739 1334 781 primi
1367 739 1587 771 collationem
1617 738 1728 771 habeo
1759 738 1946 782 integram,

222 1844 288 1879 IX.

265 2016 279 2036 ¹¹
303 2018 395 2054 Hujus
418 2016 533 2043 Codicis
554 2016 693 2043 habemus
719 2016 834 2043 nonnisi
857 2015 943 2053 primi
965 2015 1065 2053 primae

227 2058 370 2085 Enneadis
384 2057 447 2084 libri
464 2057 657 2084 collationem.

1303 796 1370 829 Est
1389 801 1505 829 autem

361 859 393 890 1.
427 855 534 890 Viml.
554 855 605 889 Α.
632 856 854 889 bibliothecae
876 856 1049 889 Caesareae
1075 866 1129 888 ur.
1151 857 1207 888 13.
1250 854 1333 888 Vid.
1352 855 1532 888 Lambecii
1558 853 1839 886 Commentarios
1864 852 1947 885 bibl.

310 915 463 948 Vindob.
488 926 521 958 p.
541 913 600 951 76.
622 915 675 947 ed.
697 914 830 947 Kollar.
885 913 940 946 Eo
967 914 1056 947 libro
1083 925 1161 946 cuin
1187 913 1383 946 E‹1.Basil.
1409 912 1618 946 conferendo
1645 912 1818 944 eruditam
1847 921 1947 943 suam

310 984 451 1017 operam
472 973 572 1005 nobis
591 972 754 1016 probavit
773 971 823 1005 B.
841 969 1015 1017 Kopitar,
1034 972 1255 1005 bibliothecae
1274 972 1364 1005 Caes.
1384 972 1544 1014 scriptor,
1559 970 1660 1014 cujus
1680 969 1765 1001 mihi
1786 969 1950 1001 notitiam

311 1032 511 1065 conciliavit
529 1028 780 1069 Hartmanus,
792 1031 847 1063 vir
865 1030 1136 1069 eruditissimus,
1150 1030 1222 1073 qui,
1235 1029 1268 1062 V
1271 1029 1457 1062 indobonae
1477 1029 1700 1068 constitutus,
1714 1028 1950 1061 intercedente

313 1090 392 1123 Lib.
414 1090 552 1123 Barone
571 1100 593 1122 α
612 1087 726 1127 Pilat‚
743 1090 818 1122 viro
837 1089 978 1127 illustri,
998 1088 1304 1131 annitentibusque
1325 1087 1544 1121 bibliothecae
1563 1087 1736 1120 Caesareae
1757 1085 1951 1123 Praefectis,

312 1148 399 1181 illud
427 1147 626 1181 conferendi
654 1148 833 1191 negotium
862 1147 1075 1189 procuravit.
1129 1145 1197 1179 Est
1224 1151 1339 1179 autem
1367 1146 1486 1179 Codex
1513 1145 1614 1178 initio
1641 1149 1675 1177 et
1699 1144 1766 1177 fine
1793 1145 1951 1176 mutilus.

316 1206 446 1249 Incipit
472 1217 506 1249 p.
530 1208 582 1243 19.
604 1205 673 1238 Ed.
691 1205 800 1238 Basil.
820 1204 915 1237 Eun.
937 1204 964 1237 I.
984 1204 1044 1237 lib.
1066 1204 1134 1237 III.
1154 1215 1256 1247 quem
1281 1204 1409 1236 librum
1438 1215 1470 1246 p.
1491 1206 1548 1236 22.
1569 1203 1731 1235 absolvit.
1785 1202 1954 1245 Sequitur

316 1264 456 1297 collatio
481 1263 575 1296 Enn.
598 1264 624 1296 I.
648 1264 707 1296 lib.
727 1263 791 1296 VI.
836 1263 929 1296 Tum
954 1274 986 1305 p.
1007 1265 1065 1299 72.
1085 1261 1153 1295 Ed.
1174 1262 1256 1294 Bas.
1277 1261 1389 1303 (Eun.
1410 1261 1438 1293 I.
1463 1261 1523 1293 lib.
1542 1260 1676 1302 VIII.)‚
1696 1271 1765 1303 quo
1793 1259 1953 1292 absoluto

316 1323 431 1367 pergit
458 1333 491 1365 p.
512 1321 569 1359 96.
589 1322 658 1354 Ed.
678 1321 760 1354 Bas.
781 1321 875 1354 Eun.
896 1321 945 1353 II.
964 1320 1023 1353 lib.
1044 1320 1073 1353 I.
1128 1320 1214 1352 Post
1236 1319 1329 1352 hunc
1356 1319 1486 1352 librum
1514 1318 1702 1351 exhibetur
1728 1330 1760 1362 p.
1783 1320 1864 1354 137.
1885 1317 1953 1351 Ed.

316 1380 399 1414 Bas.
429 1380 523 1413 Eun.
547 1380 596 1413 II.
626 1380 685 1412 lib.
706 1379 775 1412 III.
803 1390 913 1422 usque
944 1379 986 1411 ad
1015 1390 1047 1421 p.
1074 1377 1150 1415 169.
1178 1377 1273 1410 Enn.
1294 1377 1343 1410 II.
1371 1377 1430 1410 lib.
1451 1376 1514 1411 IV.
1535 1381 1623 1410 extr.
1676 1376 1802 1409 Denuo
1831 1376 1955 1418 incipit

317 1450 350 1482 p.
371 1441 452 1472 228.
473 1438 583 1480 (Enn.
604 1438 672 1471 III.
692 1438 750 1470 lib.
772 1437 815 1482 I.)
835 1443 869 1470 et
893 1437 1079 1469 deducitur
1096 1447 1208 1479 usque
1232 1436 1275 1468 ad
1299 1447 1333 1479 p.
1355 1438 1437 1472 277.
1461 1435 1570 1477 (Enn.
1592 1434 1660 1468 III.
1680 1435 1739 1467 lib.
1760 1434 1829 1467 III.
1848 1435 1953 1477 extr.)

316 1496 484 1540 Sequitur
510 1496 591 1528 inde
619 1507 639 1528 a
666 1507 699 1539 p.
720 1497 803 1532 291.
824 1495 934 1537 (Enn.
954 1494 1023 1527 III.
1052 1495 1110 1527 lib.
1130 1494 1190 1538 V.)
1217 1505 1328 1537 usque
1356 1494 1398 1526 ad
1427 1505 1460 1537 p.
1481 1492 1563 1526 306.
1585 1493 1695 1535 (Eun.
1716 1492 1784 1525 III.
1809 1492 1867 1525 lib.
1886 1491 1953 1525 VI.

317 1555 423 1598 med.)
477 1554 572 1587 Tum
600 1565 620 1586 a
646 1565 680 1597 p.
701 1555 784 1590 374.
813 1553 924 1598 (Eun.
944 1552 1008 1586 IV.
1037 1553 1095 1585 lib.
1117 1551 1186 1585 III.
1211 1552 1318 1597 med.)
1346 1563 1457 1596 usque
1484 1552 1528 1584 ad
1554 1551 1648 1584 Eun.
1669 1550 1712 1584 V.
1732 1551 1792 1583 lib.
1814 1550 1841 1583 I.
1865 1555 1954 1584 extr.

318 1624 351 1656 p.
371 1614 453 1649 492.
473 1623 543 1655 quo
562 1612 598 1644 in
617 1613 691 1644 loco
710 1612 838 1644 desinit
857 1612 988 1645 Codex.

368 1672 401 1704 2.
435 1668 543 1703 Viml.
564 1669 614 1703 B.
643 1671 832 1715 insignitus
851 1675 903 1703 est
922 1671 987 1704 Nr.
1006 1673 1086 1707 175.

369 1732 403 1762 3.
437 1727 544 1762 Viml.
568 1726 607 1762 C.
635 1728 701 1762 Nr.
721 1728 808 1761 XII.

368 1789 401 1820 4.
430 1787 536 1821 Vind.
556 1787 600 1820 D.
629 1787 694 1820 Nr.
714 1786 782 1819 XI.
827 1787 918 1820 Sunt
936 1799 1056 1821 omnes
1076 1787 1314 1820 Lambeciani.

318 1842 467 1879 Codices
484 1843 666 1883 llleclzsscei‚·
693 1846 821 1890 integri
840 1850 923 1878 sunt
941 1857 1020 1879 cum
1040 1845 1125 1879 Vita
1146 1845 1289 1879 Plotini.
1334 1844 1501 1878 Confecta
1519 1848 1571 1877 est
1590 1844 1728 1876 collatio
1747 1848 1956 1886 procurante

320 1908 355 1937 et
381 1915 467 1947 opus
495 1909 636 1949 regente
661 1901 861 1936 Francisco
888 1902 933 1937 de
957 1902 1081 1937 Faria
1099 1904 1144 1938 V.
1164 1904 1202 1937 C.
1225 1903 1445 1937 bibliothecae
1469 1902 1719 1935 Laurentianae
1739 1901 1956 1935 Florentinae

309 800 524 843 reliquorum
544 799 683 831 nonnisi
704 797 784 830 libri
803 798 892 830 sexti
912 797 1093 830 Enneadis
1112 797 1249 840 primae.

1118 2020 1135 2031 “
1153 2016 1271 2052 positis,y
1308 2015 1446 2043 codicem
1466 2015 1546 2042 illnm
1571 2024 1623 2052 ego
1638 2015 1696 2041 vidi
1718 2024 1878 2050 nunqnam,
1892 2024 1956 2045 nec,

1119 2062 1136 2070 “
1154 2057 1202 2083 ubi
1218 2057 1314 2083 videre
1330 2057 1446 2092 possim.
1463 2056 1531 2086 scio,
1549 2065 1613 2082 cum
1630 2055 1657 2082 in
1674 2061 1755 2082 tanta
1771 2055 1958 2082 bibliotheca-

232 2466 249 2475 ·‘
267 2461 384 2487 Graecus
408 2459 575 2485 chartaceus
598 2458 626 2484 in
653 2458 700 2486 fol.
721 2470 784 2487 saee.
808 2460 872 2487 XV.

267 2096 275 2116 ί
297 2097 338 2124 Ex
358 2097 486 2134 epistolis
500 2097 601 2124 Jacobi
618 2097 755 2127 Morellii,
771 2097 897 2124 historiae
913 2097 1066 2134 bibliogra-

227 2138 317 2175 phicae
338 2138 482 2174 principis,
500 2138 534 2164 ad
557 2147 602 2164 me
625 2137 698 2165 datis
718 2138 778 2165 haec
801 2147 952 2174 excerpere
973 2138 1066 2164 visum

229 2184 288 2205 est:
315 2182 331 2192 “
345 2178 387 2205 De
407 2178 642 2204 annotationibus
661 2178 806 2204 Hermolai
823 2178 942 2205 Barbari
958 2178 985 2204 in
1004 2178 1067 2204 Plo-

229 2224 246 2233 ·“
265 2218 356 2245 tinum
378 2218 515 2245 indicium
538 2218 643 2245 factum
668 2224 710 2245 est
733 2228 749 2244 a
769 2218 882 2246 Joanne
908 2218 1067 2245 benedicto

230 2264 247 2273 ‘⁶
266 2258 442 2287 Miltarellio.
456 2258 600 2285 Monacho
617 2258 841 2289 Cnmaldulensi,
856 2259 884 2286 in
901 2259 995 2286 indice
1012 2260 1066 2285 (“0-

230 2306 246 2313 ·”
264 2299 359 2326 dicum
375 2298 463 2325 MSS.
480 2298 664 2325 Bibliothecae
680 2299 851 2326 Monasterii
870 2299 900 2326 S.
916 2299 1068 2326 Michaelis

231 2346 247 2354 ·‘
266 2339 393 2366 Muriani
415 2348 502 2374 prope
526 2338 664 2365 Venetias
686 2349 753 2366 ann.
776 2347 857 2375 1779.
881 2340 956 2376 typis
979 2340 1066 2370 edito,

231 2385 247 2394 *⁴
265 2390 291 2416 p.
308 2388 375 2414 911.
394 2378 436 2404 his
456 2378 565 2405 verbis:
590 2384 596 2393 ‘
610 2379 713 2406 Plotini
735 2380 886 2407 Enneades
909 2390 967 2411 sexy
985 2380 1067 2416 quin-

231 2426 247 2434 ““
266 2419 403 2456 quaginta
432 2424 554 2454 quatuor
584 2418 662 2445 libris
695 2421 916 2456 comprehensae.
970 2420 1067 2447 Codex

915 2461 996 2487 Hunc
1020 2461 1070 2487 emi

232 2506 249 2514 “
267 2511 314 2537 eqo
338 2499 498 2526 Hermolaus
522 2498 668 2529 Barbarus,
691 2510 775 2535 eques,
799 2510 865 2527 anno
890 2502 974 2535 1480.
1010 2501 1068 2528 Mi-

232 2547 249 2556 ⁴·
267 2541 342 2567 chael
355 2539 510 2575 Apostolias
527 2539 689 2574 Byzantinus
700 2544 761 2574 post
778 2541 877 2575 patrias
897 2551 950 2568 star
969 2551 1067 2577 empnq-

232 2588 249 2597 ⁴·
267 2582 397 2609 nationem
418 2580 443 2606 in
462 2583 622 2615 lmztperlule
643 2579 732 2605 vivens
751 2581 869 2607 mercede
887 2586 912 2607 et
934 2581 1002 2608 hune
1024 2592 1068 2608 ea*-

234 2628 251 2637 ¹‘
267 2621 374 2657 scripsit
391 2621 486 2647 librum
502 2642 506 2646 .
522 2643 525 2645 .
543 2642 547 2646 .
562 2618 667 2646 ‚Totus
682 2619 754 2646 liber
773 2629 918 2656 respersus
938 2627 980 2648 est
996 2622 1070 2648 notis

234 2668 251 2677 ·‘
269 2662 376 2689 Graecis
399 2666 484 2696 atque
508 2659 616 2686 Latinis
640 2659 726 2695 ipsius
748 2660 894 2687 Hermolai
915 2671 1002 2688 manu
1020 2671 1069 2698 ap-

1119 2102 1217 2124 “rum
1240 2097 1400 2127 eversione,
1425 2107 1481 2132 qno
1506 2097 1528 2122 is
1551 2096 1709 2127 devenerit,
1732 2106 1777 2123 me
1799 2096 1959 2123 lateat.''·—.

1119 2142 1137 2152 “
1152 2137 1320 2164 Ἀντιθετικὸν
1332 2137 1497 2173 Nicephoro
1511 2137 1644 2163 Chumno
1660 2136 1834 2172 adscriptum
1848 2142 1959 2163 exstare

1119 2182 1137 2193 “
1153 2188 1267 2214 qnoque
1283 2178 1343 2204 sine
1359 2178 1483 2204 auctoris
1498 2177 1614 2204 nomine
1633 2177 1660 2203 111
1678 2177 1832 2204 Codicibus
1847 2177 1959 2203 dnobus

1119 2223 1136 2233 ‘¹
1155 2218 1356 2245 Laurentianis
1386 2227 1418 2245 ex
1448 2217 1547 2244 Indice
1575 2217 1700 2244 Bandini
1726 2223 1839 2244 constat
1866 2217 1912 2251 (T.
1937 2217 1958 2243 I.

1120 2263 1138 2273 ‘¹
1155 2269 1182 2295 p.
1194 2268 1263 2293 444.
1286 2259 1317 2285 T.
1332 2258 1366 2285 ΙΙ,
1384 2268 1409 2294 p.
1422 2260 1504 2293 535).
1534 2258 1572 2284 At
1583 2258 1683 2284 Justus
1696 2258 1843 2294 Rycqnius
1856 2258 1958 2293 Epistt.

1120 2304 1137 2314 “
1155 2299 1273 2326 Selectt.
1291 2299 1420 2326 centuria
1436 2299 1535 2328 altera,
1552 2298 1674 2324 Lovanii
1695 2300 1777 2333 1615.
1797 2297 1823 2324 8.
1846 2308 1873 2334 p.
1897 2306 1957 2324 102.

1120 2344 1137 2354 “
1153 2340 1251 2366 scribit
1272 2349 1305 2366 ex
1321 2340 1415 2365 Roma
1436 2339 1469 2365 ad
1487 2339 1619 2365 Marcum
1635 2338 1786 2365 Velsernm
1809 2348 1853 2364 an⁴
1875 2340 1959 2365 1610.

1120 2385 1136 2395 ‘¹
1155 2390 1184 2407 se
1196 2380 1318 2407 Veronae
1334 2380 1362 2406 111
1378 2379 1558 2406 Bibliotheca
1574 2379 1673 2416 Sarcgi
1686 2379 1756 2406 (¹0d.
1770 2378 1834 2405 MS.
1847 2378 1958 2407 vidisse,

1121 2426 1138 2435 ‘⁵
1156 2421 1183 2447 in
1207 2430 1263 2456 qno
1285 2426 1345 2447 erat
1361 2420 1489 2446 ('aniclei
1512 2420 1578 2454 (sic)
1597 2419 1681 2446 Liber
1696 2423 1787 2445 contra
1805 2419 1937 2445 Plotinum
1950 2430 1957 2443 .-

1122 2466 1139 2476 “
1155 2461 1354 2496 tjtlsjbrtasse‚
1372 2461 1445 2495 cnjus
1464 2461 1591 2495 scriplum
1608 2460 1639 2485 de
1654 2460 1854 2486 immortalitate
1869 2459 1960 2485 animrc

1121 2506 1139 2515 ‘¹
1156 2502 1289 2527 ἀνέκδοτον
1310 2502 1447 2527 Cardmms
1469 2501 1514 2527 lib.
1536 2501 1567 2526 cle
1586 2500 1723 2526 Varietate
1745 2501 1845 2526 laudat.
1872 2500 1959 2534 (Opp.

1122 2546 1139 2556 ‘⁴
1156 2542 1187 2568 T.
1205 2541 1257 2568 ΙΙΙ.
1277 2551 1302 2577 p.
1320 2550 1387 2576 334.
1405 2541 1450 2568 ed.
1467 2541 1558 2577 Lngd.
1578 2541 1675 2575 1063.)
1721 2541 1753 2567 In
1770 2540 1874 2566 Codice
1890 2548 1958 2574 qno-

1121 2587 1139 2597 “
1156 2592 1211 2617 que
1228 2582 1342 2608 Veneto
1357 2582 1446 2608 DXC.
1465 2591 1497 2608 ex
1513 2587 1593 2617 parte
1611 2586 1722 2607 tantuin
1740 2586 1840 2616 quarta
1856 2579 1889 2605 ad
1907 2578 1959 2605 ini-

1122 2627 1139 2637 “
1157 2623 1239 2653 tium,
1264 2631 1329 2648 cum
1355 2622 1480 2648 lectione
1503 2621 1645 2648 Vaticana
1669 2621 1730 2648 sine
1757 2626 1873 2647 auctore
1899 2628 1959 2645 csse

1123 2667 1141 2677 ‘¹
1157 2662 1362 2698 dcp1·ehendi.”
1391 2662 1436 2688 Cr.
