2201 2990
252 137 596 179 ARGUMENT.
618 137 784 176 MARS.
808 136 910 175 FIC.
933 134 995 174 IN
1020 133 1127 173 LIB.
1149 133 1221 171 IV.
1244 131 1498 170 ENNEAD.
1522 128 1739 169 PRIMAE.

134 238 305 273 consistere,
322 236 392 266 inde
415 234 553 283 protinus
576 233 763 270 refellentur,
780 232 923 274 qnoniam
943 232 966 261 si

135 281 198 323 ipsa
215 279 338 322 propria
353 279 422 308 bom
439 277 515 308 ratio
528 277 557 306 in
575 288 663 306 sensu
677 275 965 317 comprehendatur,

134 331 214 353 certe
230 321 376 364 quicquid
393 328 422 350 et
438 319 716 361 quomodocunque
739 318 897 354 sentiatur,
915 317 967 347 bo-

135 377 208 396 num
235 376 298 395 esse
324 363 513 405 probabitur.
560 364 676 392 Contra
701 373 773 391 vcro
796 360 966 401 contingit:

136 420 215 449 szepe
231 407 309 438 enim
330 417 434 436 sensus
455 405 614 442 actionem,
630 412 659 435 et
676 404 851 446 hujusmodi
868 403 970 444 cogni-

136 451 244 481 tionem
269 448 455 490 respuimus:
481 447 605 489 quando
627 447 673 477 vel
695 459 758 477 esse
780 447 970 477 animadver-

136 493 236 529 timus,
253 491 299 522 vel
322 491 463 521 timemus
485 490 571 520 nobis
594 491 658 520 fore
682 490 849 520 molestam.
896 491 970 519 Pro-

135 536 205 566 inde
220 535 242 565 si
259 545 363 564 rursus
377 533 551 563 addiderint
574 533 698 563 mistum
715 545 751 563 ex
768 533 876 563 babitu
892 532 971 573 ejus-

135 590 196 620 que
221 576 414 619 perceptione
440 587 592 606 summum
620 576 734 606 bonum
759 587 833 612 esse,
858 575 968 606 iterum

136 620 368 652 convincentur:
396 619 469 661 quia
489 619 511 649 si
533 619 707 649 indifferens
727 618 844 660 aliquid
865 618 902 648 ad
926 618 970 660 ip-

135 675 202 695 sum
219 663 331 693 bonum
349 674 419 692 cum
436 662 531 692 altero
546 662 584 692 ad
601 662 680 692 idem
698 662 888 691 indifferente
899 661 971 703 jim-

135 714 236 748 gatur,
250 717 308 736 non
322 717 357 736 cx
375 705 524 735 ambobus
540 705 653 735 bonnm
671 705 771 746 ipsum
784 704 969 735 conficietur.

138 750 168 780 Si
183 761 256 791 ergo
271 748 438 779 concedant
455 755 620 789 utrumque
640 748 679 778 ad
700 748 814 778 bonum
835 760 865 778 se
882 747 972 777 indif—

136 793 267 823 ferenter
282 792 404 827 babere,
422 802 574 821 summum
593 803 629 821 ex
647 791 689 821 eis
709 791 824 821 bomnn
848 791 972 821 minime

136 834 304 866 resultabit.
350 835 443 864 Forte
465 846 535 864 vero
555 834 667 871 dicent,
684 842 800 864 certum
817 833 971 872 quenulam

137 878 275 909 habitum
290 889 353 907 esse
375 888 528 907 summum
546 877 670 913 bonum,
689 877 740 907 sed
757 877 882 918 quando
897 889 970 918 eog-

138 921 271 952 noscitur
286 932 348 951 esse
364 932 506 962 praesens.
553 920 605 950 Ad
623 920 686 950 baec
704 920 745 950 ita
762 920 903 950 Plotinus
921 931 970 950 ar-

138 970 349 1006 gumentatur:
369 964 452 993 Bene
469 963 568 993 vivere
584 963 673 993 alicui
689 963 845 1005 competit,
859 974 918 993 non
935 974 971 993 ex

138 1020 174 1038 eo
192 1007 300 1043 solum,
317 1006 401 1048 quod
424 1006 482 1036 tale
501 1006 649 1047 quiddam
673 1006 777 1036 adesse
799 1013 972 1047 cognoscat,

138 1050 191 1080 sed
205 1062 241 1081 ex
258 1062 293 1080 co
308 1049 510 1091 potissimum,
527 1049 611 1091 quod
628 1061 697 1080 vere
708 1049 827 1090 judicet
843 1061 906 1080 esse
922 1049 974 1079 bo-

140 1104 224 1124 num.
271 1093 319 1123 Sic
340 1092 418 1122 enim
439 1092 590 1123 duntaxat
607 1104 676 1123 vere
692 1093 813 1123 fruetur
829 1099 973 1133 tanquam

140 1137 230 1167 bono.
275 1135 422 1165 Judicare
438 1147 509 1165 vero
524 1135 562 1166 de
579 1144 697 1172 natura,
715 1143 744 1166 et
759 1136 876 1166 ratione
893 1135 974 1171 boni,

141 1191 201 1210 non
225 1191 329 1209 sensus
347 1179 411 1220 jam
431 1178 562 1209 officium
585 1186 640 1215 est,
657 1179 709 1209 sed
733 1179 867 1215 rationis,
883 1186 976 1220 atque

141 1222 260 1252 mentis.
307 1222 376 1252 Non
401 1233 474 1263 crgo
494 1221 540 1251 vel
565 1222 687 1252 habitus
711 1221 912 1264 voluptarius,
930 1221 976 1251 vel

142 1277 246 1295 sensus
266 1264 414 1307 ejusdcm,
432 1264 483 1294 sed
504 1264 591 1301 ratio,
609 1273 702 1306 atque
723 1276 807 1295 mens
827 1276 917 1295 causa
932 1272 976 1295 est

143 1309 219 1338 bene
239 1309 388 1349 beateque
409 1307 547 1338 vivendi:
573 1308 709 1349 profecto
724 1308 843 1338 affectio
860 1315 977 1338 naturae

142 1363 295 1393 corporeae
323 1358 534 1387 consentanea,
565 1351 627 1381 sive
658 1351 797 1392 voluptas
827 1350 976 1392 ejusmodi

142 1394 257 1435 aliquid
273 1401 318 1424 est
334 1393 456 1424 rationis
471 1405 590 1435 expers.
638 1395 708 1424 Hoc
730 1402 832 1424 autem
854 1394 930 1435 ipso,
947 1401 977 1423 et

144 1438 219 1467 ratio
234 1444 264 1467 et
284 1448 368 1467 mens
384 1436 467 1466 velut
485 1437 583 1477 judex
603 1444 633 1468 et
655 1437 763 1476 auriga
785 1437 978 1478 przrstantior

142 1488 185 1511 est
201 1493 206 1510 :
232 1480 254 1509 si
271 1479 462 1521 praestantior
478 1488 533 1516 est,
547 1491 620 1521 ergo
637 1480 792 1515 naturalis,
810 1479 978 1521 praecipua-

143 1535 204 1564 que
216 1523 310 1565 ipsius
324 1523 402 1553 actio
413 1522 451 1552 ad
469 1523 708 1564 pra‘stantiorem
721 1523 864 1564 dirigitur
876 1523 976 1552 finem.

143 1566 224 1603 Quin
246 1566 347 1602 etiam,
369 1566 422 1606 qui
445 1565 626 1596 animalibus
649 1566 801 1603 omnibus,
820 1565 865 1595 vel
887 1565 978 1596 etiam

143 1609 254 1650 plantis
276 1608 449 1639 attribuunt
470 1608 546 1638 bene
564 1609 673 1645 vivere,
690 1609 720 1639 bi
738 1617 818 1639 certe
834 1609 908 1639 dum
925 1609 978 1639 ad-

143 1652 233 1689 dunt,
257 1651 319 1682 baec
344 1651 419 1681 bene
440 1651 551 1689 vivere,
568 1652 693 1693 quando
716 1659 798 1682 certo
821 1651 913 1682 modo
935 1652 978 1682 af-

143 1695 222 1725 fecta
245 1694 407 1736 perfectius
427 1694 545 1731 vivunt,
563 1695 717 1726 vaticinari
741 1695 895 1732 videntur,
912 1707 979 1725 scn-

144 1738 256 1768 sualem
280 1737 510 1779 vegetalemque
530 1737 633 1775 vitam,
652 1749 710 1768 non
732 1745 884 1779 quatenus
907 1738 978 1768 sim-

144 1781 261 1822 pliciter
273 1780 339 1811 talis
351 1788 406 1817 est,
419 1781 469 1811 sed
483 1793 545 1822 qua
561 1781 676 1811 ratione
692 1781 857 1823 aliquando
873 1780 981 1811 melius

145 1823 230 1859 vivit,
246 1824 321 1854 bene
337 1824 453 1854 vivere:
479 1824 565 1865 quasi
586 1836 677 1866 super
693 1824 783 1855 talem
806 1824 898 1854 vitam
920 1836 980 1854 non

146 1878 263 1908 semper
286 1867 463 1909 perfectam,
487 1867 548 1897 imo
574 1875 603 1898 et
630 1879 749 1909 semper
772 1867 981 1909 imperfectam

147 1909 184 1940 sit
199 1910 257 1940 alia
271 1909 411 1951 quaedam
434 1922 553 1951 semper
568 1911 787 1952 perfectissima
804 1907 873 1940 vita.
920 1910 981 1948 Qui

147 1964 220 1991 erg-0
235 1952 312 1982 circa
328 1953 491 1994 perfectius
506 1953 620 1990 vivens,
637 1953 749 1984 scilicet
766 1953 922 1988 rationale,
940 1954 982 1983 fe-

148 1995 289 2025 licitatem
315 2003 444 2037 ponunt,
469 1996 579 2026 rectius
600 1997 753 2037 judicant.
801 1996 860 2027 Sed
885 1996 982 2026 virtus

149 2038 214 2079 ipsa
234 2037 385 2068 rationalis
406 2050 465 2068 non
486 2039 554 2069 ideo
570 2040 734 2070 necessaria
754 2049 798 2070 est
819 2039 858 2069 ad
879 2039 983 2069 beatos

149 2080 330 2117 efficiendos,
354 2081 425 2122 quia
447 2089 612 2124 comparet,
637 2095 707 2124 quae
734 2082 839 2124 primis
865 2090 983 2113 naturae

149 2123 312 2170 corporalis
334 2123 534 2155 incitamentis
557 2125 722 2155 necessaria
745 2132 835 2156 sunt:
861 2137 930 2155 nam
954 2133 982 2156 et

150 2178 213 2213 stne
230 2166 284 2196 bac
301 2166 345 2196 vel
362 2168 540 2208 comparari,
557 2168 603 2198 vel
620 2168 723 2199 adesse
739 2176 877 2210 possunt.
903 2169 983 2198 Item

152 2221 192 2239 sic
209 2218 317 2239 natura
333 2209 484 2239 rationalis
500 2210 624 2241 serviret
640 2218 759 2242 tantum
777 2211 910 2241 inferiori
928 2223 980 2241 na—

152 2260 239 2287 turae,
252 2251 334 2293 quod
348 2259 392 2282 est
406 2252 584 2284 absurdum.
607 2255 737 2295 Oportet
750 2254 828 2284 enim
843 2262 983 2285 naturam

152 2294 336 2336 superiorem
353 2294 464 2325 babere
479 2295 568 2325 etiam
586 2297 725 2338 superius
740 2297 871 2327 officium
891 2305 985 2339 atque

152 2337 309 2379 proprium
331 2337 369 2366 ad
391 2337 574 2378 superiorem
591 2340 681 2369 finem
698 2340 820 2382 proprie
839 2340 893 2370 sibi
910 2352 982 2370 con-

152 2380 274 2410 ducens.
322 2381 363 2410 Et
386 2379 463 2410 sicut
485 2388 594 2411 natura
609 2393 763 2423 corporea,
779 2382 985 2425 sensualisque

153 2435 242 2453 suum
259 2422 445 2464 quandoque
461 2423 550 2452 finem
567 2424 774 2466 consequitur,
787 2425 827 2456 sic
843 2425 923 2456 illam
940 2438 985 2456 as-

153 2466 238 2507 sequi
261 2477 362 2502 suum,
380 2476 478 2506 neque
501 2466 714 2506 perfectionem
737 2468 803 2508 eius
824 2469 986 2499 consistere

152 2509 182 2539 iu
196 2521 242 2546 eo,
254 2508 336 2550 quod
353 2508 430 2538 circa
447 2508 667 2549 imperfectiora
680 2502 826 2545 versetur,
840 2511 891 2541 sed
908 2511 986 2541 circa

154 2551 334 2593 perfectiora
357 2551 480 2592 insuper
498 2562 589 2591 qnam
614 2551 678 2592 ipsa
702 2553 777 2583 ratio
800 2553 848 2583 sit.
893 2554 985 2591 Quic-

154 2594 229 2635 quid
246 2594 323 2625 enim
342 2593 559 2635 perficiendum
578 2601 622 2624 est
639 2594 761 2629 virtute,
777 2602 806 2625 et
827 2595 987 2637 adeptione

154 2637 312 2679 cujusdam
329 2637 394 2678 ipso
410 2636 597 2678 perfectioris
613 2644 731 2667 tantum
754 2638 856 2679 perfici
877 2646 988 2680 potest.

1798 139 1847 178 47

1012 229 1156 271 Denique
1167 240 1235 259 cmn
1251 236 1361 258 natura
1376 226 1529 257 rationalis
1547 226 1636 256 rebus
1647 225 1764 266 corpori
1778 236 1847 255 con-

1012 272 1160 303 sentaneis
1175 271 1293 313 impleri
1307 281 1464 311 nunquam
1483 269 1586 310 possit,
1599 279 1697 308 neque
1712 279 1845 308 unquam

1012 316 1041 345 in
1059 315 1164 345 talium
1190 313 1376 356 possessione
1397 312 1543 353 quiescat,
1558 317 1674 341 constat
1698 310 1791 350 ipsam
1817 310 1845 339 in

1012 358 1081 394 alio,
1101 366 1193 396 atque
1217 356 1426 398 pra-stantiore
1449 354 1555 384 ordine
1578 352 1727 388 collocari,
1744 360 1773 381 ct
1796 352 1847 381 ali-

1014 401 1106 437 unde,
1124 400 1234 431 scilicet
1250 412 1287 430 ex
1303 399 1375 435 alto,
1392 397 1495 440 perfici
1512 396 1638 437 fierique
1655 395 1784 424 beatam.

1019 487 1078 513 Una
1094 487 1148 512 vita
1164 489 1203 511 est
1218 494 1331 515 summa,
1347 484 1445 510 scilicet
1467 482 1614 508 intellectus
1634 488 1749 506 sumimus
1761 491 1768 504 .·
1792 479 1849 503 alim

1169 535 1217 561 prr
1232 525 1330 551 multos
1342 524 1445 559 gradus
1460 523 1519 549 inde
1535 522 1689 557 dependent.

1058 574 1127 603 III.
1152 572 1295 603 Tertium
1315 571 1381 601 libri
1397 569 1564 611 caputjam
1582 567 1687 598 delinit
1705 577 1850 600 asserens,

1014 616 1037 646 si
1053 616 1082 646 in
1099 615 1253 652 omnibus,
1270 626 1341 656 qua*
1356 614 1458 643 vivere
1479 612 1635 648 dicuntur,
1653 609 1757 640 cadem
1775 616 1851 638 esset

1015 659 1101 695 ratio,
1118 665 1147 689 et
1168 670 1257 699 :equa
1274 658 1344 687 vitae
1365 655 1509 692 conditio,
1525 654 1627 685 omnia
1643 664 1731 694 aeque
1747 651 1784 681 ad
1802 651 1851 680 be-

1014 709 1095 732 atam
1112 702 1205 732 vitam
1222 700 1389 742 aliquando
1404 705 1605 741 perventura:
1632 696 1682 726 sed
1700 706 1769 726 cum
1792 705 1852 724 non

1016 745 1057 775 ita
1080 757 1126 775 res
1149 756 1179 775 se
1204 744 1324 780 babeat,
1341 743 1402 773 imo
1418 754 1488 772 vero
1505 741 1565 771 vita
1583 751 1653 770 vera
1668 740 1705 769 sit
1721 737 1853 768 intellec-

1017 796 1077 825 tus,
1093 788 1159 818 alia·
1183 799 1254 817 vero
1277 786 1423 828 imagines
1446 785 1516 815 vitzc
1540 792 1621 820 sunt,
1644 783 1672 812 in
1698 794 1733 811 eo
1756 780 1852 811 solum

1017 832 1110 861 vitam
1132 843 1196 861 esse
1219 831 1356 861 beatam:
1382 829 1410 858 in
1435 828 1500 858 aliis
1523 834 1623 857 autem
1647 824 1743 855 videri
1765 835 1854 865 quas-

1017 875 1086 905 dam
1112 874 1263 904 felicitatis
1286 872 1448 913 imagines:
1475 871 1620 901 rationem
1644 879 1769 910 quoque
1792 878 1854 896 esse

1017 917 1187 948 intellectus
1203 913 1376 956 imaginem.
1411 916 1498 956 Ergo
1513 913 1565 955 qui
1583 913 1612 943 in
1629 924 1662 942 ea
1680 910 1853 941 felicitatem

1017 960 1176 998 collocant,
1199 960 1311 990 rectius
1333 958 1456 1000 quidem
1479 968 1572 998 quam
1596 954 1696 986 czeteri
1720 953 1853 984 sentiunt

1019 1004 1184 1045 (siquidem
1208 1003 1285 1033 ratio
1308 1010 1352 1032 est
1376 1001 1515 1043 proxima
1537 999 1645 1038 menti)
1670 1008 1731 1028 non
1755 1003 1855 1027 tamen

1018 1047 1182 1078 rectissime
1195 1046 1344 1088 judicant.
1385 1046 1465 1075 (funi
1483 1043 1561 1073 enim
1580 1042 1656 1072 ratio
1673 1047 1809 1070 versetur
1826 1039 1855 1068 in

1019 1098 1116 1127 motu,
1133 1101 1191 1120 non
1215 1088 1338 1131 proprie
1353 1087 1391 1118 ad
1408 1099 1472 1118 eam
1490 1086 1621 1128 pertinet
1637 1084 1704 1114 finis
1721 1082 1857 1119 ultimus,

1019 1133 1072 1175 qui
1100 1141 1246 1175 tanquam
1274 1142 1393 1161 summa
1416 1130 1502 1172 quies
1525 1129 1663 1159 diversus
1689 1125 1855 1157 admodum

1020 1184 1065 1206 est
1080 1188 1096 1206 a
1112 1184 1210 1206 motu.
1256 1176 1410 1205 Praeterea
1425 1174 1486 1203 vita
1507 1173 1594 1202 beata
1610 1178 1654 1201 est
1670 1170 1735 1212 ipsa
1752 1169 1813 1199 vita
1828 1175 1858 1198 et

1020 1219 1244 1249 absolutissima
1258 1218 1330 1247 vita.
1375 1216 1436 1254 Qui
1457 1228 1529 1246 vero
1549 1215 1665 1250 dicunt,
1682 1212 1856 1243 felicitatem

1022 1274 1080 1292 non
1103 1274 1166 1292 esse
1189 1260 1365 1302 simpliciter
1385 1259 1489 1295 vitam,
1512 1258 1562 1288 sed
1584 1256 1738 1299 quendam
1763 1255 1855 1285 ratio-

1021 1305 1096 1335 nalis
1113 1305 1182 1335 vitae
1199 1303 1350 1340 habitum,
1365 1302 1465 1344 primo
1484 1301 1608 1343 quidem
1631 1306 1743 1340 negant
1764 1299 1857 1328 vitam

1022 1349 1141 1378 beatam
1161 1359 1224 1377 esse
1248 1346 1343 1388 ipsam
1360 1345 1471 1375 vitam:
1496 1344 1605 1374 deinde
1629 1343 1657 1373 in
1682 1341 1859 1372 accidentali

1021 1391 1154 1433 quadam
1171 1389 1318 1432 qualitate
1339 1400 1405 1419 eam
1427 1387 1593 1418 collocant:
1620 1397 1724 1416 rursus
1748 1385 1776 1415 in
1801 1384 1859 1415 dis-

1021 1434 1170 1471 cursione,
1198 1444 1269 1475 quae
1295 1432 1370 1462 dum
1398 1442 1516 1473 semper
1544 1437 1681 1460 versatur
1705 1429 1733 1458 in
1761 1435 1858 1463 motu,

1022 1488 1180 1519 nunquam
1205 1484 1249 1506 cst
1273 1476 1336 1505 vita
1359 1474 1480 1516 penitus
1502 1473 1650 1503 absoluta.
1696 1471 1859 1502 Concludit

1022 1532 1095 1562 ergo
1122 1519 1273 1556 Plotium,
1303 1520 1428 1559 Beatam
1453 1517 1546 1547 vitam
1572 1516 1650 1546 circa
1675 1515 1764 1545 aliam
1790 1514 1860 1544 vita»

1022 1563 1151 1605 speciem
1175 1574 1238 1593 esse
1261 1561 1453 1604 ponendam:
1478 1560 1578 1595 aliam,
1595 1559 1731 1600 inquam,
1753 1570 1771 1587 a
1791 1569 1859 1587 sen-

1023 1607 1109 1643 suali,
1126 1606 1214 1636 aliam
1231 1617 1356 1647 quoque
1372 1616 1389 1634 a
1406 1602 1542 1633 rationali
1558 1615 1562 1632 :
1589 1602 1639 1632 sed
1657 1601 1776 1632 interim
1793 1612 1859 1630 cor-

1023 1650 1094 1691 rigit
1117 1661 1147 1679 se
1167 1649 1279 1691 ipsum,
1296 1647 1379 1689 quod
1397 1646 1508 1677 dixerit
1531 1645 1658 1687 speciem
1673 1657 1678 1675 :
1704 1655 1763 1674 non
1780 1643 1860 1674 enim

1024 1693 1100 1730 vult,
1126 1692 1314 1722 intellectum
1339 1691 1439 1732 ipsum
1466 1689 1494 1719 in
1520 1688 1625 1719 eodem
1652 1699 1763 1729 genere
1789 1699 1859 1717 cum

1024 1736 1139 1778 planta,
1165 1735 1212 1765 vel
1239 1746 1339 1770 sensu,
1366 1733 1413 1763 vel
1438 1732 1555 1763 ratione
1581 1730 1803 1767 comiumerari,
1831 1737 1861 1760 et

1025 1779 1111 1821 quasi
1138 1778 1265 1820 speciem
1291 1776 1445 1818 quandam
1473 1787 1532 1805 una
1557 1786 1626 1805 cum
1653 1774 1700 1803 bis
1726 1785 1780 1815 per
1804 1773 1862 1803 dif-

1024 1822 1167 1853 ferentias
1190 1820 1333 1863 speciales
1354 1831 1391 1850 ex
1412 1830 1502 1860 zequo
1518 1817 1671 1853 distribui,
1688 1817 1738 1847 sed
1760 1816 1860 1857 ipsum

1024 1865 1211 1896 intellectum
1228 1876 1291 1894 esse
1306 1863 1402 1905 ipsam
1421 1862 1523 1897 vitam,
1541 1860 1706 1891 viventium
1724 1859 1861 1889 onmium

1025 1908 1220 1951 principium,
1246 1914 1275 1937 et
1302 1905 1474 1947 exemplar:
1502 1912 1611 1934 caetera
1636 1915 1707 1933 vero
1732 1902 1863 1932 viventia

1026 1963 1080 1994 per
1095 1952 1229 1982 diversos
1252 1949 1367 1992 gradus
1391 1948 1461 1979 inde
1483 1959 1616 1983 manare,
1633 1945 1779 1976 rationale
1801 1945 1862 1987 pri-

1026 2006 1122 2032 mum,
1139 1994 1250 2025 deinde
1273 1992 1419 2029 sensuale,
1437 1991 1570 2032 denique
1593 1989 1739 2030 vegetalc,
1763 2000 1797 2019 ea
1821 1996 1863 2018 ta-

1027 2049 1095 2068 men
1112 2037 1310 2073 conncxione,
1327 2043 1360 2066 ut
1377 2035 1406 2065 in
1422 2034 1544 2064 animali
1566 2032 1702 2063 rationali
1720 2032 1756 2062 sit
1772 2031 1861 2062 etiam

1027 2080 1164 2111 nonnihil
1188 2078 1406 2110 intellectuale:
1432 2089 1538 2107 rursus
1562 2077 1591 2106 in
1621 2075 1750 2106 sensuali
1775 2075 1864 2105 ratic-

1028 2124 1095 2154 nalc
1116 2122 1264 2159 nonnihil,
1282 2122 1351 2152 item
1370 2121 1399 2151 in
1417 2120 1545 2162 vegetali
1566 2119 1680 2161 aliquid
1705 2117 1860 2148 sensuale:

1028 2167 1160 2208 denique
1181 2166 1210 2196 in
1232 2165 1327 2195 mistis
1347 2163 1436 2194 vitale
1456 2163 1583 2204 aliquid,
1600 2171 1693 2203 atque
1710 2161 1861 2202 vegetale:

1028 2210 1068 2240 sic
1093 2210 1172 2240 enim
1197 2216 1226 2239 et
1250 2207 1390 2250 principii
1417 2206 1601 2236 foecunditas
1626 2204 1808 2241 declaratur,
1835 2213 1861 2234 et

1028 2253 1221 2295 sequentium
1246 2258 1384 2282 servatur
1404 2249 1549 2285 conditio,
1565 2256 1593 2279 ct
1612 2249 1785 2278 universum
1812 2259 1865 2277 un-

1028 2296 1122 2338 diquc
1141 2296 1274 2337 perfecte
1295 2293 1495 2324 connectitur.
1543 2292 1601 2322 Sed
1621 2292 1685 2333 jam
1709 2291 1746 2320 ad
1768 2290 1862 2332 ipsam

1029 2339 1120 2370 vitam
1150 2346 1357 2379 mentemque,
1384 2336 1539 2377 vitamque
1566 2335 1685 2365 beatam
1713 2333 1866 2375 dispositis

1028 2382 1177 2424 gradibus
1191 2381 1398 2411 ascendamus,

1073 2467 1144 2493 Idem
1159 2470 1196 2493 est
1209 2467 1297 2502 prima
1314 2465 1433 2495 (aaa-entia,
1449 2465 1535 2499 prima
1552 2464 1616 2494 vila,
1629 2463 1732 2497 prinum
1747 2462 1823 2487 inlr!-

1401 2506 1491 2531 Icelus.

1074 2554 1111 2583 In
1129 2554 1194 2595 ipso
1212 2564 1312 2583 rerum
1335 2551 1440 2582 ordine
1461 2550 1612 2580 cernimus
1633 2548 1790 2579 essentiam
1811 2558 1862 2576 an-

1031 2595 1085 2626 niti
1100 2596 1139 2627 ad
1156 2596 1260 2632 vitam,
1278 2604 1440 2637 quatenus⁷
1454 2592 1601 2635 quicquid
1618 2600 1673 2628 est,
1689 2591 1727 2621 ad
1748 2597 1864 2620 motum

1032 2638 1320 2681 generationemque
1339 2637 1512 2668 inclinatur.
1559 2637 1668 2665 Motus
1684 2645 1754 2663 vero
1770 2640 1799 2662 et
1814 2643 1865 2672 gc-
