2201 2990
306 163 382 212 238

303 264 392 288 tenus
407 258 480 289 tales
496 267 577 297 sunt,
591 268 700 301 praeter
712 269 808 293 artem
825 264 939 306 aliquid
953 264 1134 296 continetur.

304 300 458 343 Quicquid
475 302 570 344 igitur
584 304 711 335 formale
731 305 761 335 in
783 307 874 337 rebus
896 315 940 338 est
962 317 1056 349 atque
1071 308 1134 339 for-

303 355 433 382 mosum,
451 345 480 375 in
497 346 665 377 rationibus
680 359 735 389 per
750 360 781 379 se
796 350 979 387 continetur,
996 358 1025 381 et
1041 352 1079 381 ab
1095 351 1137 382 eis

302 387 425 428 proprie
440 389 654 429 proficiscitur:
671 390 817 432 quicquid
831 405 902 423 vero
917 393 1054 424 deforme
1069 406 1139 424 con-

302 429 404 471 tingit,
422 430 451 461 id
468 443 503 461 ex
522 432 643 462 informi
660 434 786 464 materia
801 436 946 476 primum,
964 436 1009 467 vel
1030 437 1069 467 ab
1085 437 1137 474 eis,

301 484 372 514 quae
388 473 443 504 hac
458 474 570 505 infecta
585 483 667 514 sunt,
682 487 902 519 consequenter
917 480 1037 510 evenire
1053 480 1136 510 vide-

302 522 364 546 tur.
411 516 472 547 Sed
494 517 641 558 quidnam
666 519 721 549 sibi
743 521 820 557 vult,
843 522 925 563 quod
949 522 1001 559 ait,
1018 523 1136 553 Rerum

301 557 439 589 defectus
465 571 524 590 non
552 561 721 592 secundum
746 571 860 600 actum,
889 564 940 595 sed
968 565 1136 595 secundum

301 602 468 643 potentiam
493 603 522 633 in
550 604 718 634 rationibus
741 606 911 636 contineri?
959 608 1050 638 Certe
1076 619 1136 638 non

301 645 468 675 secundum
492 654 605 683 actum,
623 647 766 688 quoniam
791 660 850 678 non
874 650 1047 680 efficiuntur
1067 650 1137 681 inde

300 686 454 718 defectus:
479 689 624 730 quoniam
648 690 731 720 nulla
757 700 801 721 est
827 691 866 721 ibi
892 692 1015 733 propria
1040 693 1138 723 forma

300 729 449 768 defectus,
463 731 515 761 sed
531 732 571 762 ibi
587 732 691 762 saltem
709 733 878 763 secundum
895 735 1061 775 potentiam
1074 747 1137 766 esse

300 772 431 804 dicitur:
457 774 601 815 quoniam
618 787 654 805 ex
671 775 788 816 integra
804 776 912 814 forma,
931 777 1014 808 velut
1037 790 1137 808 exem-

299 815 388 857 plari,
404 817 565 858 conjectari
589 825 698 858 potest,
716 830 778 859 quo
801 827 890 860 pacto
913 831 1013 860 quove
1035 821 1135 861 gradu

299 858 413 900 aliquid
432 859 501 889 inde
517 860 645 890 delicere
660 861 765 901 possit.
791 863 868 898 Qua*
883 862 978 903 igitur
994 863 1072 893 mala
1088 863 1135 893 vel

301 901 401 931 minus
417 902 495 932 bona
512 910 593 938 sunt,
610 903 749 944 praescita
764 904 889 945 quidem
907 905 966 935 illic
985 918 1047 935 esse
1068 918 1135 947 pos-

299 952 380 981 sunt,
398 945 613 986 praedestinata
628 957 686 975 non
704 954 840 986 possunt.
884 948 1038 989 Quicquid
1054 949 1133 979 enim

299 986 520 1017 determinatur
532 987 612 1024 inde,
624 988 769 1019 definitur
785 1001 820 1019 ex
838 990 948 1020 fornia:
967 991 1050 1032 quod
1066 1003 1137 1022 vero

299 1030 333 1059 {it
349 1029 428 1067 inde,
447 1041 505 1059 non
523 1030 582 1060 tale
598 1031 737 1072 provenit
754 1032 783 1062 in
801 1033 936 1071 materia,
952 1034 1042 1075 quale
1063 1046 1133 1076 pos-

298 1072 414 1102 sidetur
433 1073 472 1102 ab
495 1073 611 1103 anima:
638 1074 688 1103 sed
706 1083 733 1104 et
751 1076 895 1116 quoniam
913 1085 999 1107 extra
1023 1078 1066 1112 lit,
1083 1078 1135 1107 dc-

296 1122 442 1155 generat:
467 1123 496 1146 et
519 1116 663 1156 quoniam
688 1117 716 1147 in
743 1119 867 1149 materia
891 1120 925 1150 fit
950 1120 1082 1155 informi,
1101 1122 1133 1150 fit

296 1157 442 1195 deforme,
458 1170 492 1188 ac
509 1169 629 1189 rursum
646 1160 835 1191 diversorum
853 1162 991 1192 mistione
1007 1164 1134 1193 confun-

297 1199 389 1230 ditur.
437 1201 552 1232 Anima
568 1202 662 1243 igitur
677 1215 812 1245 eousque
834 1205 897 1245 agit
921 1217 975 1246 per
993 1206 1134 1243 rationes,

297 1255 459 1285 quousque
480 1256 527 1275 res
546 1245 733 1276 formositate
755 1255 931 1289 congruunt
955 1249 1133 1287 rationibus,

297 1287 437 1327 quamvis
452 1287 580 1318 ulterius
595 1289 697 1326 etiam,
711 1290 739 1320 id
754 1298 809 1328 est,
821 1291 1046 1322 ‹lelimuitatein
1064 1304 1135 1323 con-

291 1329 386 1370 jicere
405 1330 510 1372 possit,
527 1332 693 1371 generatim
718 1333 841 1373 quidem
866 1334 1075 1375 intelligentia,
1095 1336 1132 1365 si-

296 1371 424 1413 gillatim
449 1385 520 1403 vero
544 1374 669 1411 ratione,
691 1376 735 1405 vel
762 1376 976 1417 imaginatione
999 1379 1132 1419 ‹piadam

296 1422 414 1446 natura*
437 1417 619 1458 conjuncta:
645 1418 695 1448 sed
720 1419 749 1448 in
775 1432 809 1450 ea
833 1432 957 1461 quoqne
984 1432 1043 1450 non
1073 1430 1133 1452 tam

295 1457 494 1489 discurrendo
513 1471 567 1500 per
582 1460 712 1501 singula.
729 1474 821 1503 quam
846 1463 1031 1494 summatim.
1077 1465 1133 1495 Ait

296 1512 368 1531 vero
384 1502 488 1538 ethic,
506 1503 618 1533 fortnas
642 1504 671 1533 in
696 1505 821 1536 materia
843 1518 859 1536 a
885 1507 990 1536 formis
1017 1515 1133 1538 natura·

295 1544 424 1575 delicere
446 1546 642 1576 concussione
664 1548 809 1588 quadam,
833 1549 861 1578 id
888 1557 943 1585 est,
969 1558 1034 1580 tuni
1059 1551 1131 1592 quia

293 1594 381 1617 extra
395 1588 526 1619 rationes
541 1588 695 1620 discedere
710 1590 853 1621 videntur
865 1592 904 1622 ab
916 1593 968 1629 eis,
980 1601 1044 1623 tum
1058 1594 1131 1635 quia

293 1629 414 1661 informi
431 1631 556 1662 materia
567 1632 719 1663 deformes
734 1634 880 1670 evadunt,
895 1644 958 1665 tum
974 1636 1047 1677 quia
1063 1637 1131 1666 niis-

293 1681 402 1704 centur
417 1674 574 1716 oppositis,
592 1683 657 1706 tunt
673 1677 816 1717 qnoniam
843 1678 989 1719 paulatim
1014 1692 1031 1709 a
1054 1679 1131 1721 pris-

295 1716 358 1747 tina
373 1717 522 1759 dignitate
538 1718 721 1759 degenerant
735 1732 740 1750 2
766 1721 916 1751 naturalia
933 1733 1005 1751 vero
1024 1724 1130 1763 paula-

296 1759 348 1789 tim
366 1760 550 1802 degenerare
571 1773 625 1803 per
641 1763 751 1793 saecula
770 1764 908 1794 l’lotinus
924 1764 952 1794 in
970 1765 1131 1806 superiori-

294 1802 352 1833 bus
374 1803 426 1840 ait,
449 1812 479 1834 et
501 1803 591 1834 l‘lato
613 1804 642 1835 in
670 1806 806 1843 l‘olitico,
826 1808 1004 1848 Protagora,
1023 1808 1130 1845 (Tritia,

297 1846 472 1877 Menexeno
486 1859 491 1877 :
518 1858 634 1889 nosque
651 1848 761 1879 ibidem
779 1861 884 1880 causas
899 1851 1130 1891 assignavimus,

295 1895 325 1919 et
340 1889 388 1919 hic
404 1889 446 1919 ita
460 1889 593 1920 breviter
607 1891 808 1931 assignamus.
856 1894 1060 1933 Degencratio
1084 1906 1130 1925 re-

296 1943 364 1961 rum
391 1932 532 1973 quzedam
559 1941 604 1963 est
629 1934 814 1971 diuturnior,
841 1936 880 1966 ab
906 1936 991 1967 initio
1020 1937 1130 1968 scilicet

295 1975 442 2005 mundani
458 1975 602 2007 circuitus
617 1977 655 2007 ad
673 1978 762 2008 finem
781 1990 877 2020 usqne
900 1992 931 2009 se
954 1980 1128 2021 porrigens:

295 2017 436 2058 quaedam
461 2018 618 2057 diuturna,
644 2020 744 2051 minus
773 2021 812 2051 ab
839 2022 954 2063 ingenti
983 2031 1131 2054 terrarum

295 2059 449 2097 illuvione,
462 2061 501 2091 ad
518 2061 691 2093 illuvionem
709 2063 832 2094 alteram
851 2077 1054 2106 perseverans
1073 2068 1132 2097 (¹o-

295 2102 359 2143 gita
382 2103 476 2144 igitur
497 2104 582 2145 signa
604 2105 778 2141 duodecim,
796 2119 866 2148 quze
889 2108 917 2138 in
940 2109 1131 2139 firmamento

296 2145 440 2175 videntur
453 2146 546 2187 signis
560 2148 682 2179 subesse
694 2149 855 2180 duodecim
869 2151 898 2181 in
917 2163 995 2181 nona
1011 2153 1131 2193 sphaera

295 2188 438 2229 signatis:
464 2201 556 2230 quam
580 2190 669 2222 Plato
691 2192 853 2234 spbaaam,
870 2194 924 2224 etsi
950 2206 1007 2224 non
1033 2196 1129 2225 mania

295 2231 370 2261 feste
383 2232 495 2272 posuit,
509 2244 595 2274 posse
608 2242 707 2265 tamen
721 2235 849 2266 existere
861 2237 1016 2276 cogitavit:
1036 2250 1131 2279 quan-

295 2273 460 2315 doquidem
477 2287 540 2305 esse
560 2287 646 2317 posse
662 2289 721 2308 non
739 2287 841 2319 negat.
889 2281 1131 2321 Respondebam

295 2316 398 2358 itaque
428 2318 582 2358 quondam
613 2320 698 2361 signa
728 2322 864 2363 undique
894 2323 1004 2363 signis:
1039 2324 1130 2354 Aries

295 2359 407 2396 Arimi,
423 2360 545 2391 Taurus
562 2363 679 2399 Tauro,
698 2364 820 2394 Gemini
845 2366 994 2402 Geminis,
1012 2366 1130 2397 Cancro

296 2403 424 2439 Cancer,
442 2403 508 2433 Leo
524 2404 632 2442 Leoni,
648 2406 763 2445 Virgini
779 2408 882 2447 Virgo,
901 2409 1004 2439 Librae
1022 2409 1127 2446 Libra,

297 2445 441 2487 Scorpius
455 2446 622 2488 Scorpioni,
639 2448 819 2489 Sagittarius
836 2451 1009 2491 Sagittario,
1023 2453 1130 2494 Capri-

293 2500 404 2519 cornus
420 2488 618 2530 Capricorno,
633 2491 791 2531 Aquarius
804 2493 949 2533 Aquario,
964 2495 1064 2525 Pisces
1078 2495 1130 2525 de-

295 2531 387 2573 nique
404 2531 551 2562 Piscibus.
575 2533 663 2562 Tunc
680 2533 751 2563 felix
768 2535 936 2575 auspicium
953 2537 1011 2567 fuit
1027 2538 1128 2568 szeculi

295 2573 487 2612 saeculorum,
501 2574 617 2605 tamdiu
631 2575 714 2613 felix,
728 2577 876 2617 quamdiu
893 2578 1004 2608 eisdem
1021 2581 1125 2611 eadem

293 2617 511 2659 congruebant.
535 2618 756 2658 Transgressus
771 2627 872 2649 autem
889 2628 933 2650 est
948 2621 1058 2652 deinde
1073 2635 1127 2664 per

294 2669 411 2691 motum
437 2660 475 2690 ad
496 2668 597 2691 ortum
620 2661 710 2691 Aries
735 2662 884 2699 Arietem,
909 2664 1127 2706 sequentiaque

294 2712 480 2746 transgressa
495 2711 565 2734 sunt
582 2703 699 2746 reliqua
710 2713 939 2746 consequenter.
964 2707 1127 2738 Naturales

751 166 1175 207 ARGUMENTUM
1207 169 1436 209 MARSIL.
1468 169 1499 208 F
1504 169 1570 209 IC.

1181 266 1295 296 interea
1319 278 1365 296 res
1388 266 1475 296 simili
1492 265 1625 308 quodam
1641 265 1740 307 gradu
1757 265 1940 307 degenerare
1954 276 2016 296 coe-

1180 316 1300 351 perunt.
1347 310 1542 351 Quamquam
1570 309 1659 339 etiam
1687 308 1872 350 quibusdam
1901 307 2019 339 saeculis

1181 351 1299 393 pristini
1314 352 1426 394 vigoris
1442 351 1579 382 nonnihil
1594 351 1632 382 ad
1646 359 1768 393 tempus
1784 351 1916 392 recipere
1921 362 2018 423 (posse

1182 395 1342 425 videntur:
1372 395 1497 436 quando
1521 395 1606 437 signa
1632 394 1707 430 haec,
1733 394 1787 424 etsi
1814 405 1874 424 non
1902 405 1919 424 a
1967 393 2019 424 illa

1181 449 1306 479 prorsus
1321 438 1437 475 eadem,
1454 438 1558 468 saltem
1575 437 1612 468 ad
1631 437 1738 467 similia
1755 437 1886 467 veniant.
1926 436 2018 467 Aries

1180 481 1217 511 ad
1233 481 1380 518 Leonem,
1395 488 1449 511 aut
1465 481 1569 511 saltem
1586 480 1624 510 ad
1642 480 1805 511 Geminos:
1832 479 1879 510 vel
1897 480 1963 510 Leo
1978 479 2018 510 ad

1183 524 1392 562 Sagittarium,
1408 524 1452 554 vel
1470 524 1508 554 ad
1522 524 1662 554 Libram:
1682 523 1804 553 Gemini
1821 522 1859 553 ad
1878 522 2017 559 Libram,

1181 566 1227 596 vel
1246 566 1341 596 Libra
1356 566 1395 596 ad
1413 567 1780 608 Aquarium,caeteraque
1796 565 1944 596 similiter:
1962 571 2018 596 aut

1181 608 1285 639 saltem
1313 617 1452 650 aspectus
1478 609 1538 639 illic
1563 609 1711 646 oriantur,
1736 620 1813 649 quos
1837 608 2018 639 Astronomi

1181 651 1307 682 tradunt
1331 652 1427 693 magis
1441 664 1504 682 esse
1519 651 1692 683 concordes.
1734 651 1907 681 Conferunt
1922 651 2016 681 inter-

1181 706 1217 724 ea
1244 706 1362 734 magnae
1392 695 1533 735 quaedam
1562 695 1753 737 planetarum
1776 693 2016 741 conjunctiones,

1181 738 1321 778 quamvis
1336 743 1366 767 et
1382 738 1510 768 vicissim
1528 748 1748 778 nonnunquam
1771 748 1878 767 nocere
1897 744 2017 784 contin-

1179 786 1242 819 gat.
1290 780 1434 810 Similiter
1459 781 1498 811 ad
1528 792 1628 811 rerum
1661 780 1845 810 mutationes
1873 779 2018 810 conducit

1179 829 1280 852 motus
1295 822 1461 864 imag-inum
1478 835 1533 865 per
1547 834 1698 854 accessum
1723 823 1761 853 ad
1785 822 1941 852 meridiem
1964 829 2013 853 at-

1179 876 1240 905 que
1265 876 1415 895 recessum
1440 866 1543 896 multis
1567 866 1683 896 saeculis
1707 865 1883 896 restitutus:
1908 876 2015 896 verum

1180 918 1238 937 non
1257 908 1342 949 prius
1357 908 1513 949 pristinam
1530 920 1577 939 res
1591 909 1765 939 felicitatem
1780 908 2015 950 recuperabunt,

1179 961 1270 990 quam
1288 951 1393 980 eadem
1411 958 1603 982 revertantur
1618 951 1656 981 ad
1673 952 1790 982 eadem.
1824 952 1934 982 illotus
1949 951 2017 993 qui-

1180 992 1248 1022 dem
1267 993 1422 1033 signorum
1439 994 1525 1024 nobis
1540 994 1767 1024 manifestorum
1785 994 1824 1024 ad
1836 1001 1937 1024 ortum
1950 1005 2016 1024 ver-

1179 1047 1265 1075 gens,
1280 1036 1365 1066 annis
1387 1045 1510 1066 centum
1532 1037 1662 1078 gradum
1682 1048 1775 1067 unum
1800 1037 1936 1079 praeterit
1958 1037 2017 1078 sig-

1179 1089 1286 1108 norum
1314 1079 1518 1120 superiorum.
1568 1081 1733 1110 Annorum
1759 1080 1862 1121 itaque
1888 1079 2015 1121 triginta

1179 1133 1229 1151 sex
1247 1121 1380 1152 millibus
1396 1122 1569 1163 explebitur
1586 1122 1731 1153 szeculum
1747 1122 1937 1153 saecnlorum.
1963 1123 2015 1153 In-

1179 1172 1260 1194 terea
1284 1165 1384 1195 saeculi
1408 1165 1503 1195 altera
1522 1165 1664 1206 qua’dani
1680 1166 1715 1195 fit
1736 1165 1874 1203 mutatio,
1890 1165 2015 1207 quando

1179 1207 1268 1237 tellus
1291 1207 1337 1238 vel
1361 1220 1510 1249 aquarum
1535 1208 1679 1238 illuvione
1702 1208 1841 1244 diluitur,
1858 1208 1905 1238 vel
1928 1208 2014 1238 flam-

1178 1261 1296 1280 marum
1328 1250 1468 1281 incendio
1493 1251 1678 1281 devastatur.
1728 1251 1798 1281 Sive
1826 1250 1921 1291 igitur
1945 1258 2016 1292 post

1177 1305 1272 1334 aquas
1289 1293 1358 1323 solis
1369 1294 1450 1324 calor
1463 1302 1635 1335 pra‘potens
1652 1293 1832 1324 humoribus
1844 1293 2012 1325 incumbet:

1178 1336 1240 1366 sive
1261 1344 1328 1378 post
1350 1337 1487 1367 incendia
1504 1337 1631 1367 vicissim
1649 1337 1746 1367 imber
1760 1337 1918 1373 exuberet,
1934 1345 2015 1368 terra

1178 1390 1248 1409 mox
1268 1379 1431 1421 utrobique
1453 1380 1552 1410 calore
1567 1386 1595 1410 et
1614 1380 1742 1410 humore
1757 1379 1928 1410 foecundior
1943 1379 2013 1422 pul-

1177 1422 1326 1452 cherrima
1350 1423 1439 1464 parit,
1460 1423 1556 1453 donec
1579 1423 1619 1452 ob
1643 1423 1805 1453 siccitatem
1831 1422 1959 1454 sterilior
1983 1422 2012 1454 in

1177 1465 1241 1495 dies
1256 1465 1397 1502 evadens,
1415 1466 1515 1496 minus
1532 1466 1659 1508 pulchra
1673 1465 1833 1507 parturiat,
1847 1465 2013 1508 redeatque

1178 1508 1298 1538 tandem
1317 1509 1440 1539 remedii
1457 1509 1555 1549 gratia
1570 1509 1711 1539 illuviuni
1735 1508 1831 1539 simile
1847 1508 1893 1539 vel
1910 1509 2011 1539 incen-

1175 1551 1272 1581 dium.
1321 1553 1479 1582 Memento
1504 1564 1586 1589 vere,
1613 1552 1779 1582 c‘celestiunl
1810 1552 1957 1583 motiones
1981 1559 2012 1583 et

1176 1594 1250 1623 situs
1267 1606 1326 1624 non
1345 1602 1404 1625 tam
1423 1595 1460 1625 ad
1478 1595 1572 1636 ipsam
1590 1595 1755 1625 formarum
1774 1595 2012 1635 generationem,

1174 1649 1244 1678 quw
1261 1637 1383 1679 proprie
1400 1638 1433 1668 fit
1449 1637 1644 1668 seminalibus
1661 1637 1838 1675 rationibus,
1855 1648 1947 1679 quam
1971 1637 2011 1668 ad

1174 1680 1330 1710 materiam
1348 1681 1498 1722 pertinere
1513 1681 1600 1711 aliter
1616 1680 1660 1710 vel
1675 1680 1762 1711 aliter
1778 1679 2010 1722 disponendam.

1177 1723 1282 1753 Tertia
1295 1723 1500 1763 degenemndi
1513 1736 1604 1754 causa
1615 1731 1659 1753 est
1676 1723 1841 1765 przesertini
1856 1723 2011 1765 pertinens

1175 1766 1212 1796 ad
1233 1766 1382 1796 bumana:
1407 1767 1490 1808 quod
1516 1767 1543 1796 in
1569 1767 1632 1808 ipsa
1656 1766 1789 1797 novitate
1812 1766 1930 1803 mundi,
1948 1766 2011 1796 sive

1177 1820 1229 1850 per
1245 1809 1424 1839 creationem
1444 1811 1495 1839 liat
1511 1821 1619 1845 novus,
1636 1809 1696 1839 sive
1712 1820 1766 1851 per
1781 1809 1909 1840 exitium
1925 1809 2011 1851 prius

1176 1863 1273 1882 novus
1289 1853 1363 1882 effici
1382 1852 1532 1889 rideatur,
1550 1852 1685 1882 homines
1701 1852 1891 1893 superiorum
1908 1852 2010 1882 numi·

1175 1906 1247 1924 num
1266 1895 1350 1935 quasi
1374 1905 1528 1936 pastorum
1555 1895 1661 1925 sedula
1685 1894 1876 1936 providentia
1898 1895 2011 1937 guber-

1175 1946 1297 1968 nantur.
1345 1938 1468 1968 Debiles
1492 1938 1570 1968 enim
1596 1938 1733 1979 nudique
1755 1945 1865 1968 natura
1891 1945 1921 1968 et
1946 1945 2010 1968 arte

1177 1980 1267 2011 rudes
1282 1981 1471 2022 superiorum
1489 1993 1613 2022 prorsus
1629 1981 1767 2021 indigent
1781 1980 2009 2021 gubernaculis.

1177 2024 1375 2054 Providentia
1399 2036 1469 2054 vero
1492 2024 1521 2054 in
1546 2024 1636 2054 rebus
1661 2024 1832 2054 necessariis
1854 2035 1909 2054 sua
1930 2035 2009 2054 nun·

1176 2078 1267 2108 quam
1284 2067 1406 2097 deserit.
1453 2067 1542 2097 Unde
1557 2068 1670 2097 factum
1688 2074 1743 2103 est,
1761 2074 1795 2097 ut
1810 2074 1840 2097 et
1854 2074 1964 2097 natura
1979 2067 2010 2098 in

1176 2110 1347 2139 necessariis
1371 2121 1428 2139 non
1451 2110 1581 2140 ‹lt-liciat.
1627 2112 1822 2151 Quapropter
1837 2109 1867 2140 in
1883 2121 2010 2151 corpore

1175 2152 1312 2182 animalis
1336 2164 1391 2194 pro
1411 2153 1516 2193 majori
1534 2153 1660 2183 membri
1683 2153 1813 2194 alicujus
1837 2152 2010 2183 necessitate

1176 2195 1271 2236 magis
1295 2204 1402 2225 natura
1428 2196 1554 2226 laborat.
1603 2196 1704 2235 Igitur
1724 2207 1771 2226 res
1793 2195 1936 2226 liumanae
1954 2194 2007 2226 diu

1175 2238 1329 2279 quondam
1347 2239 1470 2268 omnino
1487 2247 1575 2269 reeta·
1591 2238 1749 2276 divinitus,
1766 2238 1909 2269 nimirum
1930 2237 2006 2268 divi-

1175 2281 1244 2311 nius
1259 2281 1477 2322 procedebant:
1498 2290 1528 2311 at
1544 2293 1612 2311 cum
1630 2281 1762 2323 primum
1779 2281 1947 2312 humanum
1963 2280 2007 2310 in-

1173 2324 1296 2365 genium
1314 2332 1450 2366 tempore
1472 2325 1543 2354 satis
1565 2324 1734 2361 excultum,
1752 2324 1851 2355 minus
1871 2323 2006 2365 indigere

1175 2367 1271 2397 visum
1283 2375 1325 2397 est
1339 2367 1459 2397 assidua
1472 2367 1662 2397 solicitudine
1674 2367 1861 2403 daemonum,
1871 2373 2006 2408 coeptum

1173 2418 1216 2440 est
1232 2410 1398 2451 gubernari
1415 2410 1618 2451 negligentius
1633 2422 1651 2440 a
1662 2410 1863 2446 daemonibus,
1877 2420 1928 2439 seu
1944 2419 2005 2455 ma-

1174 2453 1218 2482 vis
1233 2448 1363 2493 angelis:
1391 2453 1472 2483 unde
1490 2453 1631 2483 liumanae
1647 2465 1693 2483 res
1709 2453 1739 2483 in
1756 2452 1888 2483 deterius
1903 2458 2004 2492 quoti-

1172 2495 1221 2525 die
1237 2495 1427 2532 dilabuntur,
1444 2495 1540 2526 donec
1556 2495 1731 2526 incurabilis
1751 2506 1806 2537 per
1828 2506 1858 2524 se
1879 2493 2005 2540 morbus

1172 2539 1326 2568 humanus
1341 2539 1536 2569 necessariam
1552 2539 1590 2569 ad
1608 2550 1638 2569 se
1653 2550 1755 2569 curam
1771 2543 1914 2579 provocet
1928 2535 2004 2566 d1v1-

1172 2592 1292 2611 norum.
1339 2584 1406 2619 Qua
1424 2593 1495 2611 vero
1511 2582 1626 2612 ratione
1647 2593 1683 2611 ex
1701 2580 1789 2610 variis
1807 2578 1896 2609 etiam
1912 2578 2003 2620 dege-

1172 2624 1341 2654 ncrantium
1363 2625 1511 2663 gradibus
1534 2624 1668 2654 mundus
1689 2622 1830 2653 continue
1847 2621 1884 2668 sit
1899 2620 1945 2668 γε]
1964 2633 2001 2669 (ἢκ

1171 2666 1272 2708 aliqua
1289 2664 1420 2709 partium
1438 2667 1630 2698 deformitate
1652 2664 1820 2701 formosior,
1836 2663 1907 2694 ahb1
1931 2673 2002 2694 satis

1171 2717 1200 2740 et
1215 2710 1349 2740 diximus
1364 2716 1394 2740 et
1409 2710 1552 2740 dicemus.
