2201 2990
241 147 320 196 406

243 243 274 274 in
293 254 418 286 corpore
439 243 580 282 calorem,
597 252 663 275 tum
686 244 716 274 in
739 244 840 275 animo
856 245 1077 275 vehementiam

243 286 365 317 illatura
379 286 516 318 videtur:
542 287 594 318 sed
614 287 644 317 in
668 287 724 318 hoc
747 287 871 329 quidem
894 296 1003 318 natura
1023 299 1076 330 pa-

246 338 378 367 rentum,
401 329 469 367 loci,
484 330 638 372 temporis,
653 330 831 361 nutrimenti
847 331 959 372 frigida
980 331 1079 361 humi-

247 372 348 414 daque
372 373 577 404 imminentem
599 373 663 404 caeli
686 373 747 403 vim
774 381 932 415 temperat,
956 381 986 404 et
1009 385 1079 404 con-

247 416 337 446 vertit
351 415 475 447 forsitan
499 416 537 447 ad
560 416 744 458 oppositum.
791 417 829 446 In
844 416 895 446 illo
910 424 1012 447 autem
1032 428 1079 447 eo-

247 458 376 489 rundem
394 459 491 490 calida
513 459 650 501 siccaque
665 467 784 495 natura,
801 459 986 490 moderatam
1002 471 1079 500 quo-

248 501 411 532 dammodo
426 501 603 544 qualitatem
619 501 734 533 caelitus
749 502 917 532 venientem
938 502 1081 543 producit

248 544 279 574 in
295 544 426 575 nimiam.
473 546 609 575 Rursum
625 552 691 575 tum
707 545 839 586 propriae
854 544 1006 586 variaeque
1026 556 1078 575 na-

250 595 328 618 turae
347 587 557 629 generantium
580 595 672 629 atque
696 587 895 624 nascentium,
911 594 977 617 tum
1000 587 1081 628 leges

250 631 544 672 consuetudinesque
564 631 691 661 diversae
711 630 876 671 impulsum
893 637 954 659 tam
978 630 1080 666 animi,

250 685 342 714 quam
359 673 504 716 corporis,
521 673 609 704 talem
625 673 741 704 caelitus
756 672 986 702 descendentem
1001 673 1083 702 varia

252 716 329 746 inter
345 728 374 746 se
388 716 541 758 graduum
557 716 779 756 modorumque
790 723 868 745 sorte
880 715 1084 756 distinguunt.

253 760 323 796 Quo
345 759 460 789 factum
484 767 538 796 est,
555 757 813 801 quemadmodum
838 769 917 799 szepe
940 757 1083 794 diximus,

253 808 288 832 ut
304 813 364 832 non
380 809 441 833 tam
458 814 512 844 pro
528 802 643 843 agentis
659 809 767 831 natura
782 800 949 841 pra-sertim
966 800 1084 837 remoti,

252 856 345 886 quam
370 856 425 886 pro
447 845 618 875 conditione
640 843 892 885 propinquiorum
917 843 1083 884 agentium,

253 895 283 918 et
298 887 430 929 denique
446 899 501 929 pro
521 887 676 917 affectione
692 886 825 916 materiae
840 898 874 916 ac
889 885 1085 927 dispositione

253 930 309 960 loci
327 931 437 972 saepius
451 931 574 960 effectus
590 929 703 959 soleant
720 928 840 959 exoriri.
875 928 955 966 Quid
972 928 1083 970 plura?

255 973 374 1003 Radius
399 973 475 1003 Solis=
506 972 584 1002 idem
609 972 691 1002 aliud
719 972 866 1013 aliterque
895 971 969 1013 agit,
995 971 1018 1001 si
1046 983 1084 1002 ex

254 1022 346 1052 recto,
358 1027 448 1057 quam
466 1015 487 1045 si
504 1027 540 1045 ex
554 1015 679 1056 obliquo
691 1014 858 1056 percutiat:
878 1014 900 1044 si
916 1026 969 1056 per
984 1018 1083 1045 aerem

255 1070 404 1095 serenum,
421 1070 511 1099 quam
530 1058 551 1087 si
569 1070 623 1099 per
638 1058 834 1099 caliginosum
849 1064 990 1088 transeat.
1027 1059 1085 1088 Ca-

255 1101 413 1142 liginosum
439 1112 509 1131 vero
537 1105 634 1131 acrem
663 1112 722 1130 nou
747 1108 807 1130 tam
830 1100 970 1137 calestia,
995 1112 1086 1141 quam

256 1144 406 1174 terrestria
437 1143 586 1174 reddunt:
612 1144 682 1174 item
710 1143 792 1174 aliud
825 1143 898 1184 agit,
924 1143 945 1173 si
976 1155 1086 1179 ceram,

255 1198 346 1228 quam
364 1187 386 1216 si
403 1186 501 1217 lutum
525 1187 741 1228 aggrediatur:
767 1186 843 1216 lianc
862 1186 940 1216 enim
958 1186 1087 1228 liquefa-

255 1229 305 1266 cit,
323 1230 379 1260 hoc
401 1229 540 1260 exsiccat.
588 1231 723 1260 Rursum
748 1229 769 1259 si
793 1229 931 1269 glaciem,
949 1241 1040 1271 quam
1065 1229 1087 1259 si

255 1272 429 1314 crystallum
444 1285 449 1303 :
468 1272 546 1303 illam
561 1272 725 1315 aliquando
735 1272 848 1309 fundit,
862 1272 917 1302 hoc
930 1284 1000 1302 vero
1012 1284 1089 1302 nun-

256 1327 358 1357 quam.
407 1316 437 1345 si
461 1315 559 1346 nivem
584 1316 612 1346 in
636 1316 791 1346 cacumine
816 1316 935 1351 montis,
952 1327 1044 1357 quam
1065 1315 1088 1345 si

256 1358 287 1388 iu
311 1370 443 1389 concavo
466 1359 575 1389 montis
598 1359 739 1389 invadat:
766 1358 846 1388 illam
870 1358 947 1388 enim
973 1358 1089 1389 tardius

257 1401 434 1439 admodum,
457 1402 534 1432 lianc
557 1401 645 1432 citius
668 1401 832 1443 liquefacit.
879 1401 965 1432 Licet
989 1410 1017 1432 ct
1040 1401 1088 1432 liic

257 1456 337 1486 stepe
364 1444 465 1475 videre
495 1445 523 1475 iu
549 1445 654 1475 eodem
679 1445 833 1475 cacumine
857 1444 956 1475 nivem
983 1445 1088 1475 eodem

257 1487 409 1529 delapsam
434 1497 580 1529 tempore,
602 1500 662 1529 qua
697 1496 769 1518 ›arte
792 1487 829 1517 ad
854 1487 1007 1518 meridiem
1025 1500 1090 1517 ver-

257 1530 312 1571 git,
329 1530 417 1561 citius
433 1531 598 1561 admodum
618 1531 679 1561 exii
695 1531 754 1561 lare
768 1543 773 1561 :
799 1543 860 1572 qua
877 1542 947 1560 vero
963 1531 1000 1561 ad
1022 1543 1089 1572 sep-

258 1573 449 1612 tcntrionem,
465 1574 576 1604 durare
592 1574 718 1610 diutius,
736 1575 875 1615 ‹piamvis
891 1585 960 1615 pars
973 1586 989 1604 a
1006 1582 1090 1615 parte

260 1616 309 1646 vix
325 1617 429 1647 cubito
444 1617 546 1654 distet,
565 1625 682 1647 tantum
700 1617 786 1647 efficit
807 1616 851 1646 rel
868 1617 967 1647 brevis
982 1617 1091 1647 discre-

259 1659 362 1700 pantia
378 1660 461 1690 situs.
507 1660 650 1702 Denique
669 1660 782 1696 radius,
800 1660 823 1689 si
846 1659 884 1689 ad
907 1660 998 1690 breve
1015 1668 1089 1690 tem-

259 1714 318 1744 pus
336 1711 416 1744 agat,
443 1715 522 1745 schc
546 1703 688 1744 caligines
710 1710 893 1743 congregat:
919 1703 942 1732 si
966 1703 1003 1733 ad
1029 1703 1091 1733 lon-

259 1757 345 1785 gum,
362 1746 516 1787 disgregat
533 1759 538 1776 :
564 1754 592 1776 et
613 1746 699 1777 aliter
722 1758 775 1787 per
798 1754 913 1788 aperta,
929 1745 1015 1776 aliter
1038 1757 1091 1787 per

259 1800 390 1819 concava
413 1789 502 1819 facit:
528 1798 557 1820 et
586 1789 651 1819 aliis
674 1788 797 1831 quidem
823 1789 928 1819 eodem
957 1797 1091 1830 tempore

262 1832 469 1872 prodest,aliis
479 1844 550 1862 vero
566 1832 611 1863 rel
630 1833 658 1862 in
675 1832 779 1862 eodem
798 1832 862 1862 loco
877 1839 972 1862 nocet.
1008 1833 1092 1862 Tan-

261 1882 325 1904 tum
341 1887 412 1905 vero
428 1875 619 1917 superiorum
637 1876 714 1905 vires
730 1884 888 1905 mutantur
905 1887 940 1904 ex
963 1875 1028 1905 loco
1046 1884 1092 1905 at-

260 1929 319 1959 que
349 1919 484 1955 materia,
509 1927 552 1955 ut,
576 1930 645 1949 cuin
672 1918 710 1949 ad
737 1927 853 1948 motum
882 1919 982 1948 Luna:
1005 1930 1093 1959 aquae

262 1960 441 2002 plerumque
457 1970 589 1992 crescant
606 1971 698 2003 atque
713 1961 898 1998 decrescant,
916 1972 974 1991 non
994 1970 1093 1991 tamen

262 2015 364 2033 omnes.
385 2004 414 2034 id
437 2017 525 2046 aqua*
543 2005 672 2035 faciant:
698 2016 765 2034 nam
788 2014 817 2035 et
840 2015 923 2034 marc
946 2015 1004 2033 non
1029 2004 1095 2034 ubi-

262 2058 322 2087 que
338 2047 367 2076 id
383 2048 498 2088 patitur
513 2056 565 2078 aut
585 2060 672 2089 :eque
686 2061 691 2077 ε
716 2056 808 2089 atque
833 2047 883 2077 ubi
906 2047 1036 2077 maxime
1053 2047 1094 2076 vi-

263 2089 352 2119 detur
368 2090 397 2119 id
413 2091 582 2127 observare,
600 2099 690 2121 vento
710 2102 789 2132 saepe
803 2090 954 2121 contrario
969 2090 1095 2132 impedi-

263 2140 313 2162 tur
329 2143 506 2164 exerescere.
555 2137 633 2164 Sunt
649 2134 780 2176 propria·
797 2134 930 2163 locorum
947 2133 1004 2163 sub
1019 2145 1094 2174 quo-

264 2174 336 2204 libet
359 2175 454 2206 sidere
476 2176 647 2218 qualitates,
669 2177 735 2207 alite
754 2176 877 2218 quidem
902 2176 1094 2218 palustrium,

264 2217 330 2247 alite
346 2229 417 2248 vero
432 2220 644 2260 campestrium
661 2219 832 2261 puriorum,
843 2219 908 2249 alia¹
924 2227 1025 2249 autem
1042 2219 1094 2249 do-

266 2260 457 2291 mesticorum
470 2262 604 2300 collium,
617 2262 684 2293 alia*
694 2274 765 2292 vero
781 2262 984 2304 sylvestrium.
1015 2263 1094 2292 Item

265 2314 321 2345 pro
336 2304 479 2335 varietate
501 2305 616 2341 caloris,
638 2305 768 2346 frigoris,
785 2305 934 2340 siccitatis,
951 2305 1096 2343 humoris,

265 2353 436 2383 ventorum,
467 2359 626 2389 vaporum,
651 2348 825 2383 fluminum,
850 2348 974 2378 vallium
998 2348 1095 2389 quali-

265 2396 341 2420 tates
356 2388 445 2431 longe
461 2390 597 2426 diverszc,
610 2391 817 2432 quodcunque
829 2391 912 2421 sidus
925 2391 1095 2422 immineat:

266 2432 348 2463 unde
363 2440 393 2463 et
408 2432 580 2463 differentes
596 2441 720 2463 aetatum
736 2434 866 2470 termini,
883 2442 912 2464 et
927 2434 1019 2464 variae
1034 2445 1098 2464 cor-

265 2487 375 2517 porum
405 2475 609 2513 habitudines,
636 2475 745 2505 diversi
775 2476 965 2517 ingeniorum
990 2485 1097 2518 captus

266 2518 509 2560 proficiscuntur.
548 2520 740 2559 Quocunque
756 2526 909 2548 momento
925 2527 1096 2556 nascantur,

266 2561 355 2592 multi
375 2560 465 2591 simul
486 2562 560 2598 nati,
576 2560 648 2602 quia
667 2560 792 2590 diversis
808 2560 837 2590 in
854 2560 925 2591 locis
948 2561 1095 2599 habitant,

266 2615 326 2635 non
354 2603 443 2635 simul
465 2611 631 2645 aegrotant:
656 2602 744 2634 multi
770 2614 828 2633 non
852 2603 941 2633 simul
964 2604 1037 2641 nati,
1059 2616 1094 2635 ex

268 2655 358 2678 vento
372 2655 402 2678 et
417 2647 528 2677 nebula
543 2655 572 2677 et
588 2657 699 2688 vapore
715 2646 802 2676 simili
818 2646 907 2676 sinuil
928 2654 1094 2688 aegrotant:

265 2699 306 2729 et,
323 2701 506 2733 quocunque
522 2697 658 2732 tempore
679 2689 741 2720 nati
764 2689 834 2727 sint,
857 2696 887 2720 et
906 2689 937 2719 in
959 2701 1096 2731 quacun-

732 146 1157 187 ARGUMENTUM
1188 146 1418 187 MARSIL.
1449 146 1552 188 FIC.

1123 256 1183 286 que
1203 252 1292 275 aetate
1313 244 1371 274 sint
1394 244 1562 282 constituti,
1579 245 1669 276 simul
1690 247 1720 277 in
1744 247 1866 279 morbos
1883 248 1956 279 inci-

1123 288 1212 325 dunt,
1229 287 1282 329 qui
1304 288 1335 317 in
1354 287 1508 329 regionem
1532 289 1737 331 contagiosam
1759 290 1873 332 pariter
1887 302 1958 322 con-

1123 330 1289 361 fluxerunt.
1336 330 1479 361 Profecto
1497 331 1637 372 quamvis
1659 332 1843 364 universales
1865 345 1956 376 supe-

1122 373 1276 415 rioresque
1300 385 1398 404 causae
1422 373 1482 403 vim
1507 373 1639 405 habeant
1660 375 1690 405 in
1713 375 1870 407 effectibus
1891 388 1956 407 am-

1122 416 1216 458 plam,
1231 416 1379 453 intimam,
1395 416 1572 446 diuturnam
1586 429 1592 448 :
1618 418 1726 449 mediae
1742 426 1842 450 tamen
1859 431 1958 450 causae

1123 459 1313 500 potissimum
1342 459 1524 501 propinquae
1553 459 1593 490 ad
1621 461 1759 502 proprias
1791 471 1957 494 eventuum

1122 502 1283 543 qualitates
1305 513 1398 544 quam
1422 501 1589 544 plurimum
1616 514 1650 534 ac
1672 504 1735 534 fere
1761 511 1859 536 totum
1885 517 1957 547 pos-

1124 553 1213 575 sunt:
1238 556 1301 587 quo
1317 546 1361 583 fit,
1374 553 1408 575 ut
1424 545 1548 576 effectus
1564 545 1606 576 eis
1620 545 1787 578 admodum
1802 548 1959 579 similiores

1125 588 1263 618 evadant.
1310 588 1558 619 Communissimi
1584 588 1663 619 enirn
1693 589 1828 621 influxus
1853 602 1959 622 causa-

1125 641 1193 660 rum
1215 630 1463 672 longinquiorum
1489 639 1705 673 persequentes
1725 644 1830 663 causas
1850 634 1959 676 grada-

1127 672 1181 703 tim
1203 673 1456 711 determinantur,
1472 682 1564 715 atque
1584 674 1834 716 distinguuntur:
1860 677 1901 707 sie
1916 677 1960 707 vi-

1127 715 1213 746 vifica
1242 716 1307 746 caeli
1331 716 1438 752 virtus,
1461 718 1664 748 communiter
1688 718 1794 749 favens
1818 719 1960 750 omnibus

1127 758 1296 796 nascituris,
1320 759 1350 788 in
1380 759 1505 790 diversis
1528 760 1700 802 plantarum
1729 769 1758 792 et
1785 762 1961 793 animalium

1128 800 1285 842 speciebus
1300 801 1338 831 ad
1361 813 1410 832 eas
1431 802 1511 844 ipsas
1533 803 1646 844 species
1668 804 1831 835 definitur:
1856 805 1887 835 in
1903 805 1963 836 sin-

1128 842 1208 883 gulis
1223 855 1347 885 quoque
1363 845 1420 875 sub
1442 845 1541 886 specie
1560 846 1598 876 ad
1618 847 1819 889 proprietates
1838 854 1961 879 contra-

1129 885 1212 915 hitur
1230 886 1406 927 singulares.
1453 888 1594 919 Actiones
1616 889 1726 920 deinde
1749 891 1964 933 passionesque

1129 929 1281 959 naturales
1298 940 1397 959 rerum
1415 929 1488 960 tales
1503 931 1692 972 potissimum
1706 942 1759 964 aut
1772 933 1846 964 tales
1861 934 1964 976 singu-

1128 971 1200 1001 laria
1227 971 1453 1002 individuorum
1479 973 1628 1016 principia
1649 975 1678 1005 in
1706 976 1821 1017 primis,
1845 985 1875 1008 et
1897 988 1963 1019 spe-

1128 1014 1213 1044 cialia
1235 1014 1359 1056 insuper
1382 1015 1493 1056 potius,
1514 1028 1606 1057 quam
1630 1019 1875 1050 communissima
1898 1020 1964 1051 ubi-

1131 1069 1191 1098 que
1201 1064 1373 1099 sequuntur
1386 1070 1391 1088 :
1411 1059 1578 1100 pracsertim
1591 1061 1715 1101 quando
1727 1062 1874 1105 principia
1884 1074 1964 1094 com-

1131 1100 1308 1130 munissima
1323 1109 1394 1131 sunt
1417 1102 1583 1142 aequivoca,
1601 1114 1636 1133 ac
1658 1115 1768 1145 genere
1789 1105 1828 1135 ab
1848 1106 1963 1137 effecti-

1132 1142 1190 1173 bus
1205 1143 1417 1179 diversissima,
1434 1143 1504 1174 talia
1525 1156 1588 1175 esse
1609 1145 1738 1176 caelcstia
1758 1158 1846 1179 nemo
1861 1156 1961 1191 negat.

1134 1186 1288 1217 Czctcrum
1306 1198 1342 1217 ne
1358 1186 1426 1228 quis
1441 1187 1542 1218 forsan
1558 1188 1691 1229 objiciat,
1707 1190 1854 1232 quicquid
1875 1200 1919 1222 est
1934 1192 1964 1223 in

1133 1229 1272 1259 sec-mulis
1286 1229 1393 1266 causis,
1409 1242 1425 1259 a
1441 1230 1547 1271 primis
1562 1231 1667 1268 inesse,
1677 1244 1711 1262 ae
1727 1232 1868 1275 deinceps
1883 1235 1967 1276 quic-

1133 1272 1206 1313 quid
1230 1272 1259 1302 in
1277 1272 1371 1303 tertiis
1394 1273 1554 1314 reperitur,
1572 1274 1664 1305 tribui
1686 1275 1806 1317 penitus
1826 1288 1843 1307 a
1862 1288 1967 1308 secun-

1133 1315 1197 1345 dis:
1214 1323 1306 1356 atquc
1322 1315 1362 1345 ita
1381 1315 1453 1345 nibil
1471 1316 1534 1346 ullo
1549 1317 1640 1347 modo
1655 1329 1673 1347 a
1689 1319 1886 1360 sequentibus
1896 1331 1967 1351 cau-

1133 1357 1172 1387 sis
1187 1359 1357 1400 provenire,
1374 1358 1448 1400 quin
1472 1359 1607 1390 similiter
1627 1372 1646 1391 a
1664 1361 1871 1403 superioribus
1885 1374 1965 1405 quo-

1133 1413 1191 1442 que
1209 1401 1375 1443 proveniat.
1424 1402 1584 1433 Memento
1599 1415 1697 1434 eausa·
1713 1405 1865 1446 sequentis
1880 1414 1968 1438 natu-

1133 1455 1196 1474 ram
1214 1455 1273 1474 non
1295 1444 1391 1474 solum
1408 1456 1470 1475 esse
1493 1446 1639 1487 superiori
1660 1447 1798 1485 similem,
1815 1456 1968 1490 quatenus

1134 1486 1225 1517 habet
1242 1487 1321 1525 inde,
1338 1487 1388 1517 sed
1405 1488 1494 1518 etiam
1511 1488 1696 1527 dissimilem,
1713 1499 1865 1532 quatenus
1880 1500 1967 1523 extra

1134 1530 1288 1571 processit,
1306 1542 1404 1572 neque
1425 1531 1521 1561 solum
1534 1532 1729 1573 degeneravit
1746 1533 1826 1571 inde,
1844 1535 1895 1565 sed
1923 1535 1967 1566 in-

1134 1585 1226 1615 super
1248 1573 1330 1603 aliud
1354 1574 1501 1615 quiddam
1522 1582 1551 1605 et
1574 1575 1720 1617 qualitate
1738 1577 1871 1618 quadam
1894 1589 1966 1620 pro-

1135 1617 1200 1658 pria
1223 1616 1364 1647 differens
1384 1617 1448 1657 jam
1473 1617 1582 1648 evasit:
1609 1619 1685 1649 sicut
1712 1619 1815 1650 radius
1837 1620 1868 1651 in
1894 1620 1968 1652 caelo

1135 1659 1282 1695 mulcens,
1299 1660 1328 1689 in
1346 1668 1424 1690 terra
1440 1672 1567 1691 vorans:
1592 1661 1663 1692 item
1680 1662 1709 1692 in
1726 1662 1799 1693 ezelo
1815 1663 1924 1702 nitens,
1936 1664 1967 1695 in

1137 1702 1217 1732 nube
1234 1702 1355 1739 rubens,
1373 1711 1405 1733 ut
1423 1714 1480 1733 non
1499 1703 1608 1734 mirum
1622 1704 1670 1741 sit,
1683 1705 1796 1747 aliquid
1812 1706 1880 1737 hinc
1894 1707 1966 1738 sub-

1136 1745 1205 1775 inde
1220 1745 1281 1775 ticri
1305 1746 1373 1782 tale,
1390 1746 1480 1787 quide
1500 1747 1621 1788 proprie
1644 1759 1703 1777 non
1724 1749 1863 1790 provenit
1886 1749 1966 1780 inde.

1137 1789 1248 1829 Itaque
1279 1789 1375 1818 multa
1402 1800 1454 1830 per
1477 1800 1582 1820 causas
1611 1790 1685 1821 caelo
1710 1791 1866 1822 inferiores
1894 1792 1970 1823 effici

1136 1831 1206 1861 talia
1224 1831 1331 1873 passim
1354 1840 1446 1873 atque
1466 1832 1546 1869 talia,
1562 1833 1664 1874 qualia
1685 1845 1743 1864 non
1760 1835 1934 1866 efficiuntur
1951 1847 1969 1867 a

1137 1875 1220 1904 ca=lo.
1269 1875 1427 1904 Memento
1452 1886 1572 1905 rursum
1593 1875 1647 1906 has
1670 1878 1727 1907 sub
1751 1877 1843 1908 Luna
1865 1890 1970 1909 causas

1138 1917 1235 1948 sortiri
1255 1917 1331 1948 vires
1346 1929 1363 1947 a
1376 1918 1435 1948 vita
1453 1918 1559 1948 mundi
1575 1930 1634 1949 non
1651 1919 1747 1950 solum
1763 1932 1817 1962 per
1829 1921 1970 1960 caelestia,

1139 1960 1191 1990 sed
1217 1960 1305 1990 ctiam
1338 1960 1475 2002 proxime
1502 1972 1555 2002 per
1582 1962 1747 2003 vegetalem
1776 1964 1884 1995 aniniae
1907 1964 1969 1995 vim

1139 2003 1253 2044 ubique
1279 2003 1441 2044 vigentem,
1468 2004 1545 2034 sicut
1570 2013 1600 2035 et
1626 2005 1763 2036 animalis
1786 2006 1847 2037 vita
1872 2007 1969 2038 multa

1139 2046 1189 2077 dat
1208 2046 1337 2087 pedibus
1360 2047 1560 2088 manibusque
1576 2059 1630 2089 per
1644 2049 1781 2079 membra
1796 2050 1968 2092 praecipua:

1138 2089 1234 2119 multa
1250 2089 1339 2119 etiam
1356 2101 1410 2131 per
1426 2102 1456 2120 se
1472 2090 1565 2132 ipsam
1579 2102 1587 2127 ;
1612 2098 1641 2121 et
1656 2103 1726 2132 qua:
1738 2091 1791 2123 (lat
1829 2104 1861 2123 er
1874 2104 1970 2124 mem-

1138 2132 1192 2162 bra
1205 2132 1369 2173 praecipua,
1383 2133 1472 2163 ctiam
1487 2133 1742 2165 transformantur
1752 2135 1780 2165 in
1793 2104 1862 2166 illis.
1897 2137 1969 2167 Me-

1138 2183 1240 2205 mento
1262 2175 1404 2217 denique,
1421 2187 1458 2206 ex
1480 2176 1616 2206 omnium
1639 2189 1798 2208 causarum
1822 2190 1971 2210 concursu

1138 2229 1320 2259 consurgere
1336 2218 1408 2255 vim,
1425 2231 1494 2260 qua¹
1517 2220 1639 2261 proprie
1659 2221 1810 2262 reperitur
1824 2221 1854 2252 in
1870 2221 1970 2260 nullis,

1139 2261 1216 2292 sicut
1231 2273 1268 2291 ex
1285 2261 1428 2292 confluxu
1446 2262 1639 2293 materiarum
1656 2271 1685 2294 et
1706 2264 1888 2305 qualitatum
1904 2276 1970 2296 ma—

1141 2304 1214 2334 teria
1230 2304 1371 2345 quaedam
1392 2316 1479 2341 nova,
1496 2305 1664 2346 qualitasve
1683 2307 1816 2338 resultat.
1862 2308 1971 2350 Neque

1141 2359 1212 2377 vero
1228 2347 1349 2388 negabit
1365 2348 1488 2378 omnino
1504 2348 1561 2378 sub
1579 2350 1751 2380 necessariis
1766 2350 1971 2392 contingentia

1141 2389 1293 2431 legitimus
1309 2390 1358 2421 ille
1382 2391 1567 2428 Platonicus,
1584 2392 1637 2433 qui
1661 2392 1717 2423 sub
1739 2393 1855 2424 unitate
1870 2393 1971 2423 multi-

1141 2433 1292 2471 tudinem,
1302 2434 1360 2463 sub
1376 2442 1455 2464 statu
1472 2442 1589 2465 motum
1605 2436 1828 2477 contemplatur
1839 2436 1894 2466 rite
1905 2446 1970 2466 nas-

1141 2485 1269 2513 centem,
1285 2484 1378 2518 atque
1393 2488 1439 2507 res
1451 2477 1530 2519 ipsas
1542 2477 1599 2508 sub
1616 2478 1731 2509 unitate
1746 2486 1887 2520 statuque
1901 2477 1970 2508 sim-

1141 2519 1210 2561 plici
1234 2531 1289 2561 per
1317 2528 1429 2550 certam
1459 2520 1685 2551 multitudinem
1713 2521 1971 2561 mobilitatemque

1140 2562 1232 2603 longo
1253 2562 1407 2604 graduum
1428 2571 1525 2594 tractu
1547 2563 1586 2594 ad
1609 2563 1857 2594 innumerabilem
1875 2562 1970 2593 ferme

1141 2616 1302 2635 numerum
1323 2612 1353 2636 ct
1373 2606 1518 2637 incertam
1534 2606 1731 2637 mobilitatem
1750 2605 1880 2646 denique
1899 2616 1970 2647 per-

1140 2648 1259 2678 venire:
1285 2648 1314 2678 in
1331 2660 1393 2690 quo
1408 2649 1532 2690 quidem
1549 2649 1732 2690 amplissimo
1745 2647 1897 2689 graduum
1913 2647 1971 2678 dif-

1140 2690 1303 2721 ferentium
1319 2691 1425 2722 ordine
1439 2691 1532 2722 decus
1552 2691 1728 2732 bonumque
1747 2689 1879 2720 universi
1898 2701 1968 2721 con—
