2201 2990
573 131 731 163 VITAM
754 131 981 162 AUCTORE
1006 129 1296 161 PORPHYRIO.
1321 137 1353 170 p.
1370 126 1572 160 lxvi—lxviii.

1863 131 1941 161 cxvii

193 229 256 253 ton.
276 228 306 252 et
327 219 368 251 ibi
386 217 551 250 Ruhnken.
571 228 601 259 p.
621 218 690 257 263.
716 215 862 246 Valcken.
879 215 919 246 ad
937 216 1038 245 Hero-
1055 214 1081 242 A
1099 213 1186 253 μέχρι
1202 214 1257 252 γὰρ
1275 212 1340 244 ἑνὸς
1357 212 1488 252 (Ἀέλιος
1505 214 1637 253 Σέντιος)
1655 215 1706 252 τὴν
1726 217 1835 246 οἰκείαν
1852 229 1944 256 παρα-

193 273 258 304 dot.
278 272 343 303 IX.
361 281 411 312 93.
428 281 458 311 p.
479 278 550 309 734.
567 275 598 298 et
615 269 717 298 Sturz.
736 267 813 297 Lex.
832 265 1036 308 Xenophont.

195 325 250 355 IV.
279 334 311 365 p.
330 322 404 363 358.

193 376 354 405 Dounaeus
368 371 407 402 ad
425 370 586 401 Demosth.
604 370 642 400 de
660 370 741 399 Pace
761 380 792 410 p.
811 376 862 409 97.
879 379 946 410 sqq.
962 367 1036 398 cita-

193 432 242 456 tus
262 422 418 454 Voemelio
441 428 545 451 nostro
568 421 608 451 ad
632 419 765 451 eundem
789 420 890 450 locum
914 430 944 461 p.
962 429 1035 460 301.

192 484 254 506 not.
271 475 336 505 crit.
370 474 424 505 Cr.

235 538 264 568 p.
282 525 364 556 lxvii.
379 524 404 554 b.
427 525 480 554 εἵτι
496 526 553 554 τῶν
569 522 625 553 ἀπὸ
642 525 692 560 τῆς
707 523 814 554 οἰκείας
830 523 930 554 ἑστίας
945 535 1038 561 παρα-

450 318 663 350 Differentiam
690 318 729 348 ab
757 317 879 357 ἐπάγειν
905 317 1037 358 explicat

191 577 389 619 χαράττοιτο,]
418 575 448 606 Si
468 574 543 616 quid
564 585 670 604 eorum
691 573 886 615 placitorum,
904 585 975 615 quae
997 573 1035 603 ad
1055 577 1078 603 B

190 629 328 660 intimam
345 634 375 658 et
388 626 474 668 quasi
490 625 686 656 domesticam
707 624 848 665 (Plotini)
867 624 1037 655 doctrinam

190 680 354 724 pertinent,
382 677 589 709 adulteratum
620 676 723 707 fuerit.
769 675 904 706 Addidit
934 682 1038 706 autem

191 734 240 770 τῆς
263 732 378 765 οἰκείας,
402 741 472 760 cum
497 736 530 759 ut
555 728 736 758 sententiam
762 727 946 764 intenderet,
972 734 1037 757 tum

192 795 229 814 ne
244 782 313 824 quis
329 781 408 812 forte
423 780 548 811 alteram
566 780 696 810 formam
714 778 764 819 ἀφ’
783 779 891 814 ἑστίας,
907 779 960 818 (de
977 791 1040 820 qua

192 834 253 865 vid.
270 833 308 864 ad
327 831 427 863 Procl.
444 831 475 862 in
492 831 564 862 Alc.
582 842 627 873 pr.
648 842 679 873 p.
698 833 741 871 2.)
764 842 954 872 quamquam
978 831 1038 872 sig-

191 885 316 916 nificatu
332 890 505 925 cognatam,
523 894 592 913 cum
609 882 660 913 illa
675 881 889 913 confunderet.
928 882 1040 913 Videa-

193 948 260 967 mus
275 935 313 966 de
330 935 440 966 Verbo.

192 999 222 1030 p.
235 996 309 1028 332.
325 987 362 1018 C.
380 998 409 1028 p.
423 987 496 1027 360.
511 987 616 1027 Wytt.
635 985 687 1015 ubi
704 985 878 1027 Diogenes:
905 988 950 1016 δεῖ
969 986 1039 1024 κάμὲ

193 1039 320 1077 νόμισμα
340 1039 512 1077 παρακόψαι
536 1037 582 1067 καὶ
602 1037 808 1077 παραχαράξαι
823 1036 855 1066 τὸ
871 1039 1039 1076 βαρβαρικῇ

192 1090 274 1120 θέσει
291 1089 572 1127 κατεσκευασμένον.
603 1089 651 1119 Cf.
663 1088 830 1130 XVyttenb.
848 1087 1038 1118 Auimadvv.

192 1153 221 1184 p.
243 1151 314 1181 119.
354 1139 501 1181 Synesius
524 1139 562 1170 de
586 1140 699 1181 Regno
722 1151 753 1181 p.
771 1149 817 1179 15.
836 1140 885 1169 A:
911 1139 976 1171 τοὺς
994 1152 1039 1177 μι-

194 1191 394 1232 κροκεφάλους
419 1204 451 1221 τε
483 1191 528 1221 καὶ
557 1191 807 1230 ὀλιγογνώμονας,
835 1191 884 1222 οὓς
910 1191 927 1229 ἡ
953 1191 1042 1230 φύσις

194 1243 402 1283 ἁμαρτάνουσα
417 1242 645 1283 παραχαράττει,
662 1242 699 1272 ad
717 1253 808 1284 quem
833 1241 933 1272 locum
951 1241 1042 1283 plura

193 1295 280 1326 dedit
299 1295 492 1325 doctissimus
509 1294 696 1336 Krabiuger.
719 1305 748 1335 p.
770 1302 841 1333 231.

195 1346 342 1377 nonnulla
361 1346 514 1388 adjiciam.
552 1347 662 1386 Atque
677 1345 726 1375 hic
744 1343 861 1386 Synesii
879 1343 963 1374 locus
978 1342 1040 1385 pri-

194 1409 279 1428 mum
290 1397 432 1428 admonet
446 1397 549 1427 Basilii
561 1397 672 1438 Magn.
697 1395 836 1426 Homilia
846 1396 877 1425 in
889 1395 1041 1425 Hexa'em.

196 1450 263 1480 IX.
279 1461 309 1491 p.
327 1460 337 1479 1
349 1458 396 1488 17.
414 1449 458 1478 B:
484 1449 512 1478 τί
534 1449 609 1478 εἴποι
633 1448 784 1486 ἄνθρωπος
808 1446 845 1486 (f.
862 1445 1041 1476 addendum

195 1501 245 1541 ἂν)
264 1501 310 1531 καὶ
326 1502 375 1538 τῆς
388 1501 509 1537 ἐντολῆς
523 1497 697 1538 παρακούων
714 1498 760 1529 καὶ
776 1498 828 1536 τὴν
843 1497 935 1538 φύσιν
951 1511 1043 1537 παρα-

194 1552 380 1593 χαράσσων;
414 1550 632 1581 Theodoretus
655 1550 684 1580 in
711 1551 846 1580 Haerett.
868 1549 1042 1591 Compend.

196 1604 245 1634 II.
263 1614 294 1644 5.
321 1615 351 1645 p.
368 1613 441 1644 331.
467 1602 608 1633 Schulz:
645 1604 748 1632 τοῦτον
779 1601 846 1641 (τὸν
877 1599 1042 1641 Θεόδοτον)

196 1654 544 1695 Βίκτωρ--ἀπεκήρυξεν,
573 1654 609 1686 ὡς
635 1652 840 1692 παραχαράξαι
866 1651 1043 1691 πειραθέντα
1061 1662 1085 1689 Ε

195 1708 244 1744 τῆς
259 1707 415 1745 ἐκκλησίας
437 1708 470 1736 τὰ
491 1707 632 1745 δόγματα.
680 1704 769 1735 Idem
793 1703 901 1733 eodem
918 1702 1043 1733 Volum.

195 1769 227 1800 p.
251 1759 337 1788 [162.
360 1757 597 1798 παραχαράττειν
613 1756 816 1787 διδασκαλίαν.
864 1755 951 1785 Idem
970 1754 1045 1784 Dia-

195 1809 256 1851 log.
276 1810 345 1840 III.
361 1809 400 1840 de
425 1810 457 1839 S.
476 1808 589 1839 Trinit.
615 1820 646 1849 p.
668 1816 757 1847 1027.
781 1808 861 1845 ὑμεῖς
883 1806 939 1846 γάρ
964 1807 1044 1843 ἐστε,

196 1863 224 1892 οἱ
247 1862 292 1892 καὶ
313 1861 366 1899 τὴν
382 1861 453 1900 πρὸς
467 1859 627 1899 Ἑβραίους
641 1861 692 1889 τοῦ
707 1859 792 1898 ἁγίου
810 1857 934 1889 Παύλου
950 1871 1043 1898 παρα-

197 1914 379 1953 γραφόμενοι
400 1913 446 1943 καὶ
466 1912 518 1950 τὴν
538 1911 609 1951 πρὸς
623 1910 782 1949 Ῥωμαίους
803 1909 1043 1949 παραχαράττον-

198 1964 360 1996 rea—2501)
380 1965 413 2002 δὴ
436 1964 481 1994 καὶ
502 1963 554 1993 τὸν
569 1961 722 2002 προφήτην
739 1963 895 2001 ἐπιχειρεῖς
910 1974 1043 2001 παραχα-

198 2016 322 2055 ράττειν.
346 2016 400 2046 ubi
421 2014 670 2054 παραγράφεσθαι
692 2020 737 2043 est
755 2012 883 2043 verbum
905 2012 1042 2043 forense:

199 2068 348 2109 excipere,
374 2067 548 2108 exceptione
574 2075 728 2096 removere
758 2065 934 2103 (Demosth.
962 2065 1044 2095 Mid.

200 2121 273 2149 616.
290 2120 328 2150 E.
354 2119 393 2149 ef.
411 2117 541 2148 Dorvill.
561 2116 600 2147 ad
623 2115 742 2147 Charit.
760 2116 798 2146 V.
817 2124 846 2155 7.
870 2127 900 2158 p.
917 2117 990 2157 485.
1007 2116 1046 2147 ad

200 2171 294 2202 verba
315 2170 568 2209 παραγράψασθαι
586 2169 639 2207 τὴν
655 2169 736 2206 δίκην
757 2175 787 2197 et
805 2168 989 2197 Buttmann.
1007 2168 1046 2198 ad

201 2224 289 2253 Orat.
302 2221 436 2251 Laudat.
450 2221 501 2251 ubi
519 2220 609 2251 etiam
622 2220 660 2250 de
676 2219 734 2250 alio
748 2219 919 2261 significatu
934 2231 962 2260 p.
978 2220 1045 2249 181.

201 2275 260 2315 sq.)

201 2323 359 2365 rejiciunt:
385 2323 423 2353 ad
447 2324 604 2354 Romanos
627 2329 843 2365 corrumpunt,
860 2321 1045 2352 adulterant.

309 2272 428 2313 Igitur:
454 2271 612 2314 epistolam
633 2271 672 2302 ad
691 2271 844 2301 Hebraeos
867 2270 1047 2312 exceptione

478 933 637 965 Plutarch.
659 933 698 964 de
719 933 891 964 Alexandri
914 933 1038 964 fortuna
1058 938 1080 966 C

889 1294 960 1334 Ego
983 1292 1042 1322 alia
1059 1298 1085 1325 D

1099 264 1238 305 χαράττει
1263 265 1451 302 νομοθεσίαν,
1477 264 1530 294 ubi
1555 264 1596 294 G.
1620 266 1659 294 ().
1682 265 1768 295 Reiz.
1795 278 1822 307 p.
1840 270 1890 308 65.
1915 267 1945 298 in

1099 316 1238 347 versione
1254 316 1370 346 Latina
1385 315 1535 356 expressit
1551 315 1757 355 conjecturum
1774 318 1946 357 περιχαράτ-

1099 381 1152 404 τει,
1170 374 1308 398 vertens:
1336 367 1483 397 terminat
1508 365 1626 404 (malim
1650 367 1900 408 circu›11.s›‹·r1·l›2't)‚
1916 369 1946 400 in

1099 419 1206 451 ordine
1223 417 1347 460 reliquit
1362 417 1590 457 παραχαράττει.
1631 417 1714 447 Hinc
1730 419 1947 459 παραχάραγμιι

1100 471 1244 501 Clemens
1267 470 1361 500 Alex.
1388 470 1533 499 Stromm.
1554 468 1612 498 VI.
1634 480 1667 510 p.
1687 470 1758 507 780.
1778 470 1875 500 Pom:
1903 474 1948 502 καὶ

1098 526 1158 555 πῶς
1172 523 1213 553 ἔτι
1228 522 1396 562 τραπεζίτης
1410 521 1492 552 οὗτος
1509 519 1662 558 δοκιμάσαι
1678 520 1716 557 μὴ
1732 519 1890 557 δυνάμενος
1904 524 1949 552 καὶ

1100 577 1242 613 διακρῖναι
1261 572 1294 603 τὸ
1315 573 1477 611 ἀκίβδηλον
1499 572 1628 609 νόμισμα
1651 573 1701 600 τοῦ
1718 572 1950 611 παραχαράγμα-

1099 638 1156 657 τος.
1197 626 1354 655 Caeterum
1376 623 1416 653 cf.
1433 634 1504 664 quae
1528 634 1622 664 supra
1643 622 1779 652 diximus
1801 623 1840 653 ad
1858 623 1950 654 verba

1099 676 1260 716 παράσημα
1275 677 1405 714 ὀνόματα
1422 675 1530 705 XIII.
1547 685 1578 715 p.
1598 684 1665 712 114.
1699 674 1754 704 Cr.

1143 739 1173 769 p.
1190 727 1275 758 lxvii.
1292 734 1315 757 Ε.
1340 728 1377 759 ὥς
1399 740 1455 757 που
1476 726 1569 766 φησὶν
1591 726 1608 764 ἡ
1631 725 1786 765 τραγῳδία,
1804 722 1843 753 ὢν
1860 726 1947 762 φιλο-

1099 779 1268 821 πράγμων,]
1296 778 1379 809 Illud
1400 778 1494 818 φασὶν
1517 784 1548 808 et
1569 778 1678 815 ὥσπερ,
1695 775 1781 818 quod
1805 775 1833 805 in
1852 774 1948 805 varie-

1101 838 1163 862 tate
1189 830 1326 861 lectionis
1356 836 1524 871 comparet,
1552 834 1736 869 argumento
1762 839 1826 857 esse
1855 826 1951 868 possit

1101 883 1261 914 turbatum
1285 894 1349 912 esse
1372 881 1401 911 in
1427 881 1484 911 lioc
1507 880 1585 917 loco,
1603 890 1695 921 quem
1719 890 1789 909 eum
1808 878 1950 909 Fabricio

1101 942 1131 966 et
1162 933 1408 977 VVyttenbacliio
1437 932 1556 962 silentio
1589 930 1824 973 przetermittere
1858 930 1950 967 malo,

1101 998 1194 1029 quam
1211 984 1394 1028 conjecturis
1410 992 1538 1014 tentare.
1586 984 1665 1013 Mox
1681 982 1804 1013 duobus
1826 993 1897 1012 cum
1914 982 1949 1012 li-

1101 1038 1163 1069 bris
1188 1037 1259 1068 dedi
1284 1038 1314 1074 ἐξ
1338 1036 1465 1067 ἅπαντος
1488 1046 1544 1077 pro
1566 1034 1726 1073 ἐξάπαντος
1749 1034 1949 1076 conjunctim,

1100 1090 1170 1121 licet
1186 1089 1243 1120 hoc
1258 1089 1426 1119 etiamnum
1445 1094 1598 1117 servatum
1617 1086 1653 1117 sit
1670 1086 1700 1116 in
1714 1086 1867 1116 Pausania
1882 1086 1951 1116 ΙΙΙ.

1103 1142 1131 1171 8.
1148 1141 1199 1171 fin.
1224 1152 1255 1182 p.
1272 1150 1324 1178 40.
1351 1138 1509 1169 sielwlisii.

1103 1192 1215 1222 Lamb.
1235 1191 1319 1221 Bosii
1336 1190 1464 1232 Ellipss.
1482 1190 1556 1220 Grr.
1574 1201 1603 1231 p.
1618 1200 1690 1230 497.
1710 1189 1784 1230 ibiq.
1804 1189 1949 1220 Scliaefer.

1104 1244 1160 1274 Cr.

1147 1306 1177 1336 p.
1193 1293 1290 1323 lxviii.
1305 1292 1331 1322 d.
1355 1292 1451 1330 πάσης
1467 1293 1640 1331 σοφιστικῆς
1656 1294 1763 1330 σκηνῆς
1780 1292 1826 1322 καὶ
1842 1290 1949 1332 τύφου]

1556 1139 1605 1168 De
1628 1138 1684 1168 liae
1712 1137 1866 1168 locutione
1890 1137 1950 1168 vid.

1103 1345 1200 1383 Σκηνὴ
1223 1344 1262 1375 de
1284 1351 1412 1374 externo
1435 1343 1554 1380 habitu,
1577 1350 1728 1384 apparatu
1753 1343 1892 1384 adeoque
1914 1342 1952 1372 de

1103 1397 1185 1427 fastu
1210 1402 1388 1438 usurpatur.
1439 1394 1612 1424 l’liilostrat.
1634 1395 1694 1424 vit.
1720 1394 1879 1436 Apollonii
1905 1395 1952 1424 II.

1103 1456 1156 1489 37.
1174 1459 1204 1490 p.
1223 1458 1272 1488 90.
1297 1448 1313 1485 ἡ
1328 1448 1358 1476 δὲ
1375 1446 1496 1485 ἀκριβὴς
1512 1446 1558 1476 καὶ
1573 1447 1836 1485 ὑπερεπιτείνουσα
1856 1448 1954 1485 (φιλο-

1105 1500 1211 1539 σοφία)
1230 1498 1352 1538 φορτική
1368 1511 1409 1533 τε,
1428 1497 1450 1527 ὦ
1469 1499 1608 1536 βασιλεῦ,
1627 1497 1672 1527 καὶ
1693 1497 1885 1535 ταπεινοτέρα
1906 1499 1954 1534 τῆς

1104 1550 1244 1590 ὑμετέρας
1260 1551 1366 1588 σκηνῆς
1381 1549 1527 1588 φαίνεται,
1547 1549 1593 1578 καὶ
1616 1547 1709 1587 τύφου
1725 1549 1755 1578 δὲ
1780 1548 1850 1578 αὐτό
1870 1561 1897 1577 τι
1918 1547 1954 1578 ἂν

1104 1603 1242 1642 ἡγοῦνται
1257 1601 1416 1640 βάσκανοι,
1434 1600 1485 1630 ubi
1503 1599 1644 1630 Olearius
1665 1605 1822 1640 comparat
1846 1600 1954 1629 Sueto-

1106 1653 1147 1684 nii
1163 1653 1256 1683 verba
1272 1653 1302 1683 iu
1317 1651 1450 1694 Caligul.
1467 1663 1491 1682 c.
1507 1661 1553 1691 15.
1572 1655 1592 1668 “
1606 1651 1672 1680 Nec
1688 1651 1806 1680 ‘minore
1820 1661 1955 1680 scena—

1106 1704 1261 1736 mausoleo
1284 1703 1416 1734 inmlit.”
1456 1702 1602 1733 Similiter
1622 1702 1769 1744 Synesius
1786 1702 1825 1732 de
1846 1702 1954 1743 Regno

1104 1768 1129 1787 c.
1155 1756 1231 1786 XV.
1263 1767 1295 1797 p.
1319 1766 1366 1793 14.
1390 1755 1425 1785 C.

1105 1815 1288 1850 apparatum
1304 1814 1335 1837 et
1347 1806 1464 1837 cultum
1478 1817 1549 1836 cum
1565 1805 1742 1836 adoratione
1754 1805 1954 1846 conjunctum

1478 1755 1524 1785 Im
1529 1765 1566 1796 PC
1570 1765 1601 1784 l‘a
1605 1762 1635 1784 [O
1639 1765 1673 1784 FU
1679 1765 1707 1783 111
1740 1754 1897 1784 Romanor
1902 1765 1920 1784 u
1925 1764 1953 1783 nl

1107 1867 1212 1889 vocat:
1239 1859 1291 1896 τὴν
1307 1858 1372 1897 περὶ
1388 1858 1421 1888 τὸ
1437 1857 1597 1896 βασιλικὸν
1614 1860 1698 1895 σῶμα
1714 1857 1824 1894 σκηνὴν
1841 1857 1887 1886 καὶ
1906 1859 1954 1886 θε-

1105 1911 1239 1950 ραπείαν,
1258 1909 1310 1940 ubi
1330 1909 1451 1939 affinem
1471 1909 1565 1939 habet
1581 1908 1654 1945 vim,
1672 1920 1765 1950 quam
1788 1919 1845 1938 vox
1866 1908 1956 1946 σκευὴ

1108 1964 1254 2004 (quacum
1272 1960 1384 2003 saepius
1400 1961 1489 1991 etiam
1507 1960 1718 1991 confunditur.
1757 1959 1827 1990 Vid.
1846 1959 1957 1990 Ruhn-

1108 2013 1176 2044 ken.
1201 2013 1241 2043 ad
1261 2012 1345 2043 Tim.
1372 2024 1402 2054 p.
1424 2014 1510 2054 159).
1557 2013 1606 2042 De
1630 2023 1662 2042 re
1684 2011 1747 2042 vid.
1768 2011 1955 2053 Krabinger.

1106 2064 1143 2095 ad
1168 2065 1187 2095 l.
1214 2064 1232 2095 l.
1262 2076 1291 2106 p.
1318 2072 1387 2103 227.
1412 2075 1455 2105 sq.
1508 2063 1667 2094 Lucianus
1694 2063 1826 2105 Nigrino
1856 2064 1953 2103 ξ.12,

1108 2129 1138 2158 p.
1157 2127 1208 2157 50.
1227 2117 1402 2146 VVetstena
1428 2116 1511 2148 οὗτος
1531 2116 1603 2155 ἀνὴρ
1620 2116 1653 2146 οὐ
1668 2114 1813 2145 παύσεται
1833 2114 1957 2153 τήμερον

1107 2167 1179 2207 πρός
1193 2181 1229 2206 με
1246 2169 1344 2205 πολλῇ
1360 2169 1393 2204 τῆ
1410 2169 1502 2205 σκηνῇ
1520 2167 1566 2197 καὶ
1582 2169 1615 2205 τῇ
1631 2167 1776 2208 τραγῳδίᾳ
1792 2166 1953 2206 χρώμενος;

1110 2220 1192 2250 Hine
1209 2218 1377 2261 praesertim
1392 2218 1576 2249 Oratoribus
1591 2225 1622 2248 et
1642 2217 1793 2259 Sopliistis
1809 2215 1956 2247 tribuitur

1258 2269 1464 2300 Philostratus
1487 2269 1526 2300 (le
1550 2269 1612 2300 Vit.
1638 2268 1774 2310 Sopliist.
1798 2269 1825 2298 I.
1850 2277 1898 2307 25.
1926 2267 1955 2296 in

1109 2322 1276 2353 Polemone
1294 2334 1323 2363 p.
1341 2330 1415 2362 537.
1440 2321 1492 2359 τὴν
1508 2322 1539 2351 δὲ
1556 2320 1668 2359 σκηνὴν
1683 2322 1734 2350 τοῦ
1751 2318 1864 2358 ἀνδρὸς,
1882 2317 1898 2356 ᾗ
1916 2319 1956 2349 εἰς

1108 2271 1210 2310 σκηνή.

203 2375 289 2405 Sicut
312 2381 416 2404 autem
436 2374 629 2414 περιγράφειν
648 2380 678 2405 et
694 2373 901 2414 παραγράφειν
921 2383 1045 2403 sexcen-
1065 2380 1089 2407 G
1109 2375 1159 2405 τὰς
1174 2373 1299 2411 μελέτας
1313 2372 1470 2413 ἐχρήσατο,
1485 2372 1548 2402 ἔστι
1563 2373 1618 2410 μὲν
1635 2372 1680 2402 καὶ
1691 2370 1826 2410 ἹΙρώδου
1841 2371 1955 2408 μαθεῖν.

201 2427 257 2458 ties
284 2425 519 2457 confunduntur
545 2425 574 2455 in
602 2434 739 2456 veterum
770 2425 863 2462 libris,
888 2424 930 2455 ita
955 2424 1046 2454 etiam

202 2479 318 2510 factum
346 2477 376 2507 in
401 2482 540 2515 περι-οῖ
562 2475 805 2515 παραχαράττειν.
853 2475 1048 2517 Theophilus

202 2530 233 2560 in
252 2530 330 2560 [nst.
352 2528 404 2558 lib.
423 2528 449 2557 I.
467 2527 513 2557 tit.
532 2528 562 2557 6.
585 2535 654 2567 105.
671 2527 709 2557 de
727 2527 812 2568 Lege
829 2526 911 2557 AElia
933 2527 1047 2564 Sentia‚

202 2593 265 2624 qua
280 2588 405 2611 cautum
422 2578 534 2613 fuerat,
550 2588 587 2607 ne
603 2577 671 2618 quis
694 2577 782 2619 inops
797 2577 868 2617 plus
884 2589 946 2608 uno
961 2590 1049 2609 servo

205 2632 443 2665 manumitteret,
461 2629 513 2671 qui
536 2628 618 2659 solus
633 2636 662 2658 ct
679 2627 862 2658 necessarius
877 2628 1047 2660 dicebatur.

205 2683 298 2721 Quod
327 2690 491 2724 postquam
523 2679 686 2722 explicavit
717 2679 913 2721 Theophilus
941 2679 1045 2710 addit:

1111 2424 1298 2466 Sopliisticas
1314 2423 1500 2454 munitiones
1518 2423 1602 2453 novit
1619 2422 1752 2453 Basilius
1770 2422 1815 2451 M.
1835 2421 1955 2450 Comm.

1109 2476 1138 2506 in
1152 2475 1246 2507 Jesai.
1263 2476 1339 2505 XV.
1357 2487 1386 2516 p.
1401 2476 1491 2505 1106.
1509 2474 1644 2505 τουτέστι
1659 2475 1695 2504 τὰ
1710 2473 1869 2511 σοφιστικὰ
1886 2472 1953 2509 ὀχυ-

1107 2528 1226 2566 ρώματα
1250 2527 1292 2559 οἷς
1318 2526 1529 2564 ὑποκαθήμενοι
1557 2524 1677 2556 ἐδόκουν
1703 2523 1803 2560 ἱκανὴν
1829 2522 1880 2559 τὴν
1907 2519 1953 2550 ἀπ’

1110 2579 1204 2609 αὐτῶν
1236 2579 1270 2618 (f.
1304 2577 1348 2608 ἐπ’
1376 2578 1482 2617 αὐτῶν)
1516 2577 1687 2616 ἀσφάλειαν
1716 2574 1953 2614 προβεβλῆσθαι,

1110 2629 1199 2659 Idem
1216 2629 1246 2659 in
1264 2630 1416 2659 Hexaem.
1436 2628 1555 2658 Homil.
1574 2629 1608 2658 V.
1627 2639 1656 2669 p.
1671 2635 1721 2667 57.
1738 2637 1766 2655 a.
1782 2624 1820 2654 de
1836 2623 1864 2653 iu
1882 2633 1953 2653 con-

1109 2679 1220 2711 stantia
1235 2690 1336 2709 rerum
1354 2679 1558 2710 humanarum
1572 2691 1577 2708 :
1603 2679 1654 2715 μία
1671 2678 1720 2715 νὺξ
1736 2676 1752 2714 ἣ
1768 2674 1889 2713 πυρετὸς
1905 2674 1954 2708 εἷς,
