2201 2990
764 135 1035 170 PRAEFATIO
1063 135 1318 169 EDITORls.
1859 138 1905 172 vii

174 241 426 282 nebanturque,
446 242 480 270 et
498 237 592 270 velut
616 235 737 268 ordine
761 234 1021 268 collocabantur
1039 239 1119 267 ante
1144 235 1260 267 oculos
1287 234 1532 276 spectantium.
1586 235 1635 269 Et
1660 238 1802 281 insuper
1826 250 1903 282 per-

174 301 328 332 suaserat
359 294 425 328 sibi
454 294 626 332 Plotinus,
650 305 730 336 quae
757 304 810 326 res
842 304 990 326 summae
1021 292 1092 325 sint
1118 291 1154 324 in
1181 291 1405 335 philosophia
1435 297 1469 324 et
1497 293 1647 325 maxime
1675 295 1814 333 abditae,
1843 309 1899 330 eas

172 353 389 400 augustiores
416 363 488 385 esse
515 356 549 384 et
575 351 775 387 sanctiores,
794 362 899 394 quain
919 362 999 394 quae
1018 351 1211 383 inultorum
1230 349 1416 382 verborum
1441 350 1648 395 ambagibus
1676 353 1839 395 explicari
1867 360 1900 387 et

172 411 305 456 possint
333 414 367 443 et
398 409 556 442 debeant.
609 408 707 441 Sicut
734 408 826 441 enim
855 420 925 441 uno
947 407 1047 452 quasi
1074 406 1378 450 contemplationis
1406 407 1478 440 ictu
1505 407 1662 441 ferienda
1686 409 1756 442 sint
1783 411 1900 444 ‹livina

171 469 376 513 spectacula,
396 466 444 500 ita
471 467 589 499 eadem
614 478 696 505 uno,
715 466 743 499 si
768 465 841 498 fieri
867 465 988 509 possit,
1006 465 1099 498 vocis
1124 477 1209 498 sono
1227 465 1435 509 proferenda
1453 478 1537 504 esse,
1557 471 1589 499 et
1610 478 1680 499 uno
1698 468 1796 510 quasi
1817 472 1901 512 typo

170 538 229 559 seu
261 525 441 570 signaculo
472 524 710 568 exprimenda.
765 524 1000 567 Quapropter,
1031 523 1120 556 sicut
1154 522 1272 566 aliquo
1303 522 1515 556 Enneadum
1547 525 1621 557 loco
1651 526 1898 559 sacerdotalem

170 588 325 616 veterum
344 582 593 627 slssgyptiorum
619 581 813 615 doctrinam
842 581 1137 625 scriptionemque
1163 581 1332 620 dilaudat,
1352 581 1402 614 ita
1428 586 1462 614 et
1489 581 1554 614 sibi
1584 582 1657 626 ipse
1684 583 1842 626 placebat
1865 584 1899 617 in

165 640 335 687 jaciendis
364 640 536 685 ejusmodi
568 640 682 679 dictis,
709 639 781 672 sive
807 639 1127 685 apophthegmatis,
1152 650 1244 682 quae,
1271 639 1307 672 in
1336 651 1474 672 summa
1501 640 1686 673 verborum
1714 641 1901 684 paucitate,

168 710 273 743 quam
300 697 491 731 maximam
518 697 702 730 sententiae
730 697 926 730 ubertatem
954 698 1298 741 cmnprehenderent.
1352 697 1442 736 Quae
1469 697 1597 741 partim
1623 710 1644 731 a
1667 698 1901 732 familiaribus

169 755 361 800 perscripta
387 760 421 788 et
445 767 508 799 per
525 766 650 788 manus
674 755 774 799 quasi
803 755 934 788 tradita
960 756 1143 788 effatorum
1167 755 1280 788 instar
1302 755 1517 795 ferebantur,
1536 756 1665 798 partim
1693 756 1736 789 ab
1764 756 1838 800 ipso
1865 757 1901 789 in

169 813 397 847 Enneadibus
416 813 546 856 scripto
564 813 770 858 consignata
791 818 884 853 sunt,
900 814 994 846 velut
1012 813 1099 846 illud
1119 812 1182 855 (II.
1203 815 1236 846 3.
1255 815 1346 856 11.):
1374 814 1390 851 ἡ
1409 813 1591 859 πανουργία
1610 814 1709 847 ἐθέλει
1730 817 1795 849 νοῦς
1814 813 1900 854 εἶναι,

168 871 322 916 itemque
349 871 436 904 illud
464 872 612 904 alterum
640 871 790 904 ibidem:
823 873 874 904 νοῦ
899 870 1061 917 ἀπόῤῥοια
1088 868 1273 917 εῗρὙάσ-ατο
1300 871 1511 917 πανουργίαν,
1537 876 1571 905 et
1597 871 1737 912 similia,
1757 884 1837 916 quae
1864 873 1900 906 in

168 928 408 963 Annotatione
427 929 622 974 attigimus.

217 987 273 1020 Eo
299 987 442 1026 accedit,
461 987 566 1031 quod,
586 998 665 1020 cum
688 986 791 1020 Plato
815 987 944 1031 aliique
968 986 1169 1031 philosophi
1193 988 1306 1020 multa
1329 999 1462 1028 eorum,
1481 999 1561 1032 quae
1586 988 1739 1022 maxime
1764 994 1900 1023 retrusa

166 1044 393 1089 involutaque
411 1050 536 1084 essent,
552 1045 670 1088 paucis
690 1045 879 1078 admodum
898 1057 919 1078 a
936 1056 971 1078 se
990 1045 1161 1078 tradenda
1178 1050 1433 1079 reservassent:
1462 1046 1537 1079 haec
1551 1046 1795 1080 Alexandrina
1813 1059 1899 1093 gens

167 1103 478 1147 philosophorum,
507 1103 622 1137 aetatis
650 1115 724 1136 suae
743 1115 875 1136 morem
894 1108 1023 1143 secuta,
1042 1102 1204 1136 reseratis
1223 1103 1383 1136 cancellis
1402 1116 1533 1143 omnes,
1552 1104 1613 1147 qui
1640 1104 1730 1137 serio
1748 1105 1901 1149 philoso-

166 1161 269 1204 phari
288 1161 523 1194 instituissent
542 1161 717 1204 altiusque
735 1165 891 1204 spectare
910 1161 1123 1200 viderentur,
1142 1160 1235 1194 intro
1254 1162 1410 1201 vocabat,
1429 1173 1541 1206 neque
1559 1174 1759 1206 quenquam
1780 1175 1899 1196 eorum

167 1219 211 1252 ab
230 1219 363 1252 intimis
383 1219 565 1262 sapientiae
584 1218 822 1262 penetralibus
846 1218 955 1251 arceri
974 1219 1121 1252 volebat.
1174 1218 1277 1252 Unde
1296 1230 1509 1262 consequens
1528 1224 1614 1259 erat,
1632 1225 1672 1252 ut
1691 1220 1726 1252 in
1746 1221 1900 1253 docendo

167 1282 201 1309 et
226 1276 261 1309 in
285 1276 467 1310 scribendo
492 1276 580 1309 nihil
604 1288 674 1309 non
698 1276 884 1309 admittere
908 1281 1091 1322 cogeretur
1114 1287 1157 1309 ex
1180 1276 1460 1320 impeditissimis
1485 1277 1588 1310 rebus
1613 1277 1786 1316 Plotinus,
1805 1283 1839 1311 et
1863 1278 1897 1311 in

167 1339 341 1367 extremos
360 1334 465 1367 etiam
483 1334 644 1378 Physicae
662 1339 696 1367 et
712 1334 967 1379 Metaphysicae
986 1345 1140 1367 recessus
1158 1335 1303 1367 lectores
1322 1345 1402 1367 suos
1417 1335 1615 1378 perducere.
1657 1335 1775 1368 Multa
1792 1335 1898 1369 etiam

167 1392 306 1425 erudire
324 1397 358 1425 et
377 1403 618 1425 consummare
642 1392 816 1425 annititur
834 1391 890 1425 hic
908 1391 1149 1435 philosophus,
1167 1403 1247 1436 quae
1268 1392 1370 1425 Plato
1389 1392 1584 1436 reliquique
1603 1398 1735 1426 veteres
1758 1393 1898 1426 inchoa-

167 1454 299 1489 verant,
326 1451 449 1489 multa,
473 1461 553 1493 quae
580 1449 631 1482 illi
657 1450 885 1494 conjectando
911 1450 1157 1483 tantummodo
1183 1455 1384 1494 posuerant,
1407 1450 1636 1484 firmamentis
1664 1451 1736 1484 suis
1763 1451 1897 1491 fulcire,

166 1508 329 1552 expedire
347 1509 476 1540 multos
495 1508 615 1547 nodos,
634 1519 721 1551 quos
740 1507 979 1551 Scepticorum
998 1507 1175 1541 subtilitas
1202 1513 1449 1548 connexuerat,
1468 1509 1667 1542 satisfacere
1685 1509 1784 1542 novis
1803 1521 1899 1553 quae-

165 1565 349 1605 stionibus,
368 1577 455 1609 quas
474 1565 643 1598 intulerat
661 1576 804 1598 nascens
824 1564 1047 1609 philosophia
1065 1565 1359 1599 Christianorum.

217 1623 305 1658 Haec
331 1623 470 1657 subtilis
497 1623 734 1667 adstrictaque
761 1623 851 1656 ratio
877 1627 913 1656 et
936 1622 1049 1656 oratio
1073 1635 1143 1657 non
1164 1624 1297 1667 pariter
1314 1623 1468 1657 arridere
1492 1629 1607 1668 potest
1624 1624 1896 1671 elegantioribus

165 1681 378 1721 hominibus,
393 1687 498 1726 atque
516 1681 577 1715 illa
594 1681 739 1725 antiqua
757 1680 890 1721 Attica,
905 1685 1030 1714 ornata
1043 1681 1222 1715 Venerum
1240 1682 1341 1726 quasi
1361 1681 1635 1726 Gratiarumque
1654 1685 1765 1716 multo
1784 1684 1897 1726 splen—

166 1739 316 1783 didoque
343 1739 523 1773 comitatu.
577 1739 666 1773 Haec
689 1739 836 1779 concisa,
855 1739 966 1772 virilis
993 1740 1148 1784 adeoque
1174 1752 1294 1773 severa
1310 1740 1505 1784 disputatio
1529 1752 1599 1774 non
1623 1753 1722 1785 aeque
1746 1740 1896 1773 retinere

165 1801 280 1841 potest
298 1797 553 1831 Grammaticos
573 1797 826 1841 Rhetoresque,
845 1802 950 1841 atque
968 1797 1028 1831 illa
1047 1798 1205 1831 Platonis
1223 1798 1387 1831 facundia
1406 1810 1467 1842 per
1485 1798 1705 1844 dialogorum
1725 1798 1898 1832 vicissitu-

165 1856 263 1889 dines
283 1856 379 1890 vario
397 1856 620 1900 periodorum
634 1857 862 1901 jucundoque
880 1861 998 1889 meatu
1020 1856 1203 1900 explicata.
1256 1856 1352 1889 Pone
1379 1856 1445 1889 tibi
1472 1861 1552 1890 ante
1579 1858 1695 1890 oculos
1715 1857 1898 1890 Platonem

166 1924 228 1957 per
254 1926 391 1947 amoena
417 1914 619 1948 Academiae
650 1914 765 1958 spatia
791 1915 1072 1947 deambulantem
1100 1914 1192 1947 inter
1215 1914 1415 1958 discipulos,
1438 1926 1531 1947 nunc
1557 1914 1805 1948 subsistentem
1832 1914 1897 1948 sub

166 1972 370 2005 umbraculo
400 1972 575 2011 arborum,
607 1983 700 2005 nunc
730 1972 767 2005 in
798 1972 951 2005 exhedra
980 1972 1210 2005 residentem:
1250 1972 1357 2006 habes
1387 1973 1646 2016 quodammodo
1676 1973 1896 2018 dialogorum

167 2030 319 2069 exordia,
343 2041 468 2069 moras,
487 2030 711 2070 deverticula,
730 2030 910 2063 terminos.
962 2030 1096 2063 Contra
1121 2041 1211 2074 pone
1238 2029 1430 2069 Plotinum,
1455 2030 1565 2063 sicubi
1592 2030 1794 2070 meditatur,
1817 2031 1896 2064 soli-

167 2086 307 2126 tarium,
326 2087 397 2120 sive
419 2093 576 2121 versetur
599 2088 637 2121 in
662 2088 825 2132 palmetis
843 2088 1002 2134 AEgypti,
1021 2087 1092 2121 sive
1119 2087 1308 2121 rusticetur
1326 2088 1451 2122 Romae
1478 2088 1515 2122 in
1542 2089 1754 2129 suburbano,
1773 2095 1834 2123 aut
1860 2089 1897 2122 in

168 2144 250 2177 villa
276 2146 491 2189 Campaniae,
510 2147 562 2179 vel
590 2146 682 2179 inter
707 2146 936 2179 familiarium
963 2146 1109 2179 circulos
1140 2157 1384 2190 sermonesque
1410 2147 1617 2190 saepiuscule
1647 2147 1684 2180 in
1711 2148 1896 2193 cogitando

167 2202 319 2236 defixum
337 2208 371 2236 et
388 2204 549 2247 protinus
568 2215 733 2250 agnosces
752 2204 828 2237 haec
845 2203 947 2248 quasi
965 2204 1073 2238 tacita
1089 2203 1274 2248 soliloquia
1292 2204 1512 2238 Enneadum.

218 2259 420 2303 Explicasse
438 2262 526 2295 mihi
545 2262 674 2301 videor,
692 2262 867 2306 quomodo
893 2273 936 2295 ex
954 2262 1029 2306 ejus
1054 2262 1286 2306 philosophiae
1308 2267 1435 2296 natura
1460 2263 1615 2307 itemque
1633 2275 1675 2296 ex
1695 2264 1800 2307 hujus
1819 2263 1896 2307 phi-

168 2317 304 2360 losophi
330 2318 471 2363 ingenio
497 2324 600 2353 enata
625 2320 671 2353 sit
696 2319 807 2363 ipsius
834 2320 924 2353 ratio
950 2324 985 2353 et
1011 2320 1133 2360 oratio,
1152 2325 1187 2353 et
1210 2321 1384 2364 quomodo
1407 2326 1556 2365 utraque
1578 2322 1704 2354 horum
1727 2322 1894 2355 librormn

168 2376 424 2419 quodammodo
446 2377 587 2410 finxerit
608 2377 798 2411 fortunam.
852 2377 905 2410 De
929 2389 1050 2411 eorum
1077 2377 1233 2418 consilio,
1254 2383 1473 2424 argumento,
1491 2379 1675 2424 gravitate,
1694 2391 1755 2412 nec
1780 2380 1895 2412 minus

168 2434 210 2466 de
232 2434 316 2472 loco,
335 2444 439 2476 quem
458 2433 549 2467 inter
565 2435 691 2468 veteris
713 2435 945 2479 philosophiae
969 2435 1143 2479 principes
1170 2448 1233 2469 suo
1252 2437 1334 2482 jure
1352 2441 1469 2469 teneat
1488 2437 1662 2476 Plotinus,
1680 2437 1764 2470 satis
1784 2438 1893 2470 inulta

167 2490 261 2524 dicta
279 2495 361 2523 sunt
380 2502 458 2523 cum
480 2490 516 2523 in
534 2492 609 2536 ejus
626 2493 709 2534 vita,
729 2498 804 2526 tum
824 2494 868 2527 ad
886 2493 1019 2533 Vitam,
1039 2493 1192 2538 itemque
1210 2494 1246 2527 in
1267 2494 1539 2540 Prolegomenis,
1561 2494 1893 2531 Introductionibus,

168 2547 452 2582 Commentariis.

218 2606 270 2639 De
290 2606 415 2638 horum
434 2606 603 2639 librorum
621 2608 881 2652 compositione,
899 2609 1068 2643 orationis
1095 2621 1180 2643 sono
1205 2614 1240 2643 et
1266 2609 1348 2643 stilo
1374 2610 1439 2643 hoc
1461 2609 1634 2654 judicium
1654 2610 1737 2642 facit
1755 2620 1891 2641 severus

168 2663 377 2707 scriptorum
396 2675 517 2697 censor
535 2663 730 2710 Longinus,
743 2665 781 2700 in
798 2667 945 2710 epistola
963 2668 1006 2700 ad
1022 2667 1260 2712 Porphyrium
1279 2666 1289 2706 (
1296 2667 1348 2701 De
1367 2667 1452 2701 Vita
1472 2667 1614 2706 Plotini,
1630 2666 1734 2700 XIX.
1757 2677 1790 2708 p.
1809 2668 1886 2698 125.
