2201 2990
556 144 713 175 VITAM
738 142 966 173 AUCTORE
991 142 1281 172 PORPHYRIO.
1306 153 1337 183 p.
1356 142 1595 174 lxxix—lxxxii.

1830 145 1953 176 cxxxvii

199 232 281 262 clurn
306 231 344 262 de
370 230 485 261 Mundi
510 229 680 260 {eternitate
706 228 754 258 II.
777 235 807 267 5.
834 235 864 257 et
889 228 946 257 IV.
971 226 1042 257 16.¹’
1062 229 1087 254 A
1106 226 1220 268 phyrii,
1237 226 1352 268 quibus
1376 227 1490 268 scripta
1507 227 1618 258 Plotini
1643 228 1816 267 illustrarit,
1834 231 1954 261 interci-

201 284 327 313 Fabric.

242 345 272 375 p.
291 331 386 362 lxxxi.
405 330 421 361 ¹.
447 330 512 369 περὶ
535 330 716 370 τοῦ-εἴδη]
743 333 763 346 “
782 329 884 370 Supra
900 340 927 358 c.
940 338 972 367 4.
989 339 1045 369 pro

200 385 259 421 εἴδη
275 383 387 424 legitur
403 381 485 416 ἰδέαι,
503 380 610 411 eodem
627 379 751 411 sensu.”
778 379 809 409 F
807 379 901 409 abric.

240 445 270 475 p.
296 432 391 463 lxxxi.
415 437 449 461 m,
479 431 545 471 περὶ
571 430 785 470 υοῦ-ὄυτος,]
814 433 836 448 “
853 429 925 460 Vid.
952 441 1045 472 supra

198 497 225 515 c.
247 485 316 525 ι9.”
340 483 467 513 Fabric.

240 547 272 577 p.
290 534 387 564 lxxxi.
404 540 428 563 a·
459 533 525 572 περὶ
548 533 700 574 ἀριθμῶν]
729 537 748 551 “
763 532 891 575 Allegat
915 532 1045 563 Proclus

198 586 248 617 lib.
267 587 293 616 I.
312 584 425 616 Tlieol.
443 584 523 615 Plat.
542 596 569 614 c.
589 584 637 615 II.
663 596 694 626 p.
714 593 764 624 27.
788 584 921 626 respicit,
937 591 967 614 et
985 584 1043 614 IV.
1063 589 1086 616 B

197 638 272 679 32.”
296 637 424 667 Fabric.

239 700 271 731 p.
289 687 385 718 lxxxi.
399 687 424 718 b.
442 687 508 727 περὶ
523 689 574 717 τοῦ
590 688 725 718 ἑκουσίου
747 701 770 717 κ.
781 700 807 717 τ.
819 687 864 728 λ.]
885 690 905 704 “
917 686 1045 717 Titulus

197 739 367 781 generalior
383 750 476 781 supra
491 750 516 769 c.
531 747 562 779 5.
579 739 645 778 περὶ
661 741 712 769 τοῦ
728 738 894 769 ἑκουσίου.”
918 739 950 768 F
948 739 1045 769 [dn-ic.

240 803 270 833 p.
285 790 381 821 lxxxi.
394 796 417 820 C.
433 790 639 831 ὑπομνήματα]
659 789 825 832 Eunapius
841 801 878 820 ex
895 789 952 820 hoc
969 789 1046 828 loco,

197 850 233 874 ut
249 842 383 879 videtur,
400 841 430 872 in
447 841 572 872 Plotino
588 853 620 883 p.
637 850 664 882 7.
684 841 883 872 Boissonad.:
903 843 984 872 ἀλλὰ
1000 843 1047 872 καὶ

198 895 298 925 πολλὰ
318 895 376 923 τῶν
390 894 522 931 βιβλίων
538 894 720 932 ἑρμηνεύσας
741 894 829 924 αὐτοῦ
846 894 911 933 (τοῦ
927 895 1046 924 Πλωτί-

199 947 264 986 ιόυ)
282 946 418 985 φαίνεται
436 945 646 985 (Πορφύριος).

201 997 321 1039 Scripta
336 996 562 1027 conunentariis
577 996 640 1026 vid.
660 996 783 1027 Fabric.
798 998 835 1027 B.
851 997 909 1027 Gr.
927 996 996 1027 Vol.
1009 997 1045 1027 V.

198 1060 230 1090 p.
245 1049 319 1089 696.
337 1047 427 1078 Harl.
446 1055 476 1078 et
492 1060 563 1090 quae
586 1048 625 1078 ad
647 1059 718 1078 eun]
742 1048 843 1079 locum
867 1048 1046 1090 adjecimus.

201 1100 255 1130 Cr.

242 1162 272 1193 p.
295 1150 391 1181 lxxxi.
412 1150 434 1180 d.
466 1151 545 1189 πλὴν
569 1153 620 1181 τοῦ
644 1151 710 1190 περὶ
736 1153 787 1181 τοῦ
812 1151 915 1191 καλοῦ]
943 1155 963 1169 “
981 1151 1047 1181 En-

199 1201 288 1233 nead.
307 1202 336 1232 1.
359 1201 411 1233 lib.
428 1202 489 1233 VI.
540 1203 695 1233 Caeterinn
722 1201 943 1233 Connnentarii
970 1203 1047 1233 Por-

262 2725 352 2749 x'oL.
374 2725 397 2749 1.

1106 277 1230 315 derunt,
1254 277 1367 319 scripta
1391 278 1507 308 Plotini
1535 278 1600 320 ipsa
1626 291 1661 309 ex
1690 281 1756 321 ejus
1781 283 1954 313 recensione

1106 328 1266 366 habemus,
1291 340 1362 370 quae
1390 329 1608 371 chronologico
1631 330 1733 368 etiam,
1756 343 1819 372 quo
1843 333 1954 375 scripta

1106 386 1190 417 sunt,
1207 379 1314 410 ordine
1330 391 1424 422 supra
1438 392 1465 410 c.
1479 391 1509 419 4.
1529 392 1573 422 sq.
1590 381 1750 411 recensuit.
1798 382 1886 413 Illam
1904 396 1952 414 ca-

1106 430 1218 473 pitum,
1238 442 1332 472 quam
1356 431 1406 462 hic
1428 439 1658 470 commemorat,
1680 432 1826 473 temporis
1848 433 1954 465 ordine

1106 482 1219 512 factam
1241 482 1477 524 descriptionem
1501 482 1607 513 itidem
1631 483 1799 513 amisimus.
1861 484 1954 515 Porro

1107 534 1241 573 ἀφορμὰς
1257 533 1424 576 Porphyrii
1445 533 1517 573 πρὸς
1531 536 1567 565 τὰ
1583 536 1673 573 νοητὰ
1689 534 1884 572 Holstenius‚
1901 537 1953 577 qui

1106 596 1156 615 eas
1182 585 1333 615 auctiores
1362 596 1399 615 ex
1427 585 1504 615 cod.
1523 585 1671 616 Vaticano
1700 585 1807 624 edidit,
1834 586 1953 627 pridem

1106 636 1280 667 observavit
1297 636 1372 666 nihil
1387 636 1472 666 aliud
1489 648 1563 675 esse,
1579 648 1672 678 quani
1695 637 1953 668 introductionem

1107 687 1263 729 quandam
1280 688 1310 718 in
1329 687 1442 718 Plotini
1460 688 1605 730 scripta.'’
1623 689 1748 719 Fabric.
1807 689 1956 729 κεφάλαια

1107 739 1361 779 -ἐπιχειρήματα
1388 751 1416 770 ν.
1443 739 1568 770 Ernesti
1598 740 1677 770 Lex.
1703 740 1855 771 Teelmol.
1882 740 1956 771 Grr.

1108 790 1239 821 Rhetor.
1257 802 1288 832 p.
1306 800 1374 832 133.
1392 802 1437 832 sq.
1454 798 1484 821 et
1500 802 1530 833 p.
1545 799 1615 831 179.
1633 803 1679 833 sq.
1713 791 1769 822 Cr.

1151 853 1182 883 p.
1198 841 1308 873 lxxxii.
1324 849 1344 871 e,
1370 843 1420 874 τὰς
1436 843 1467 872 δὲ
1483 844 1836 884 στιγμὰς-προσθεῖναι]
1857 846 1876 861 “
1888 843 1956 874 Cri-

1108 892 1237 923 ticorum
1255 904 1380 931 munus,
1398 893 1617 936 interpungere
1633 894 1706 925 colis
1721 901 1751 925 et
1765 894 1888 937 punctis·
1909 907 1956 926 ce-

694 945 743 975 De
760 944 862 975 Procli
884 944 914 975 in
932 944 1047 975 Plotini
1065 954 1088 981 C
1108 944 1237 975 lebrium
1263 945 1446 987 scriptorum
1471 953 1681 983 monumenta,
1698 946 1783 987 quod
1798 945 1955 976 interdum

1108 997 1207 1027 facere
1229 1008 1290 1027 nou
1311 1004 1356 1027 est
1377 997 1525 1039 cujusvis,
1546 1004 1581 1028 ut
1601 997 1639 1028 de
1662 997 1812 1029 Heracliti
1836 998 1956 1040 scriptis

1108 1048 1293 1079 Aristoteles
1317 1049 1386 1079 ῙῙῙ.
1404 1050 1433 1079 6.
1458 1048 1588 1079 Rhetor.
1613 1051 1649 1079 τὰ
1670 1048 1867 1089 ἹἸρακλείτου
1890 1053 1954 1080 δια-

1108 1100 1204 1138 στίξαι
1221 1100 1476 1139 ἕργου.”Γ[ιὸ1·ἰε.
1506 1104 1526 1118 “
1541 1100 1634 1131 Conf.
1646 1100 1804 1131 Villoison.
1816 1101 1954 1132 Anecdd.

1109 1152 1182 1182 Grr.
1202 1152 1251 1182 ΙΙ.
1270 1164 1301 1193 p.
1318 1152 1552 1193 139.'’Hm·les.
1585 1152 1637 1183 Cf.
1655 1164 1748 1195 supra
1764 1164 1788 1183 c.
1802 1153 1829 1183 8.
1842 1164 1872 1195 p.
1886 1161 1953 1192 107.

1107 1202 1156 1232 ed.
1175 1202 1294 1233 Fabric.
1312 1210 1342 1233 et
1359 1204 1472 1234 Annot.
1490 1210 1585 1233 nostr.
1604 1203 1634 1234 in
1651 1215 1720 1234 eum
1738 1203 1850 1234 locuni.
1876 1204 1932 1234 Cr.
