2201 2990
285 176 363 215 550
419 159 639 200 ARGUM.
670 155 900 197 MARSIL.
923 154 1026 193 FIC.
1049 152 1112 192 IN
1144 151 1252 190 LIB.
1274 150 1347 188 VI.
1370 147 1626 187 ENNEAD.
1647 147 1899 187 TERTIAE.

287 261 329 291 tio
345 267 431 302 pater
447 266 492 289 est
508 256 639 288 universi
653 269 658 286 :
684 253 835 286 seminalis
850 260 953 283 autem
966 251 1043 282 ratio
1059 262 1121 280 ma-

287 310 343 341 ter,
367 310 519 344 quatenus
546 298 761 331 commercium
784 296 876 326 habet
903 294 1028 337 aliquod
1050 305 1119 324 cum

287 346 423 383 materia,
440 345 633 386 desuperque
648 341 791 383 repletur.
831 338 964 369 Materia
975 349 1048 367 vero
1059 348 1122 366 ma-

289 389 350 420 trix
373 396 404 419 et
425 388 509 418 locus
528 394 573 417 est
597 386 698 428 potius
717 381 919 426 generationis
941 387 1034 422 atque
1056 391 1121 409 sus-

288 431 492 474 ceptaculum.
553 431 606 460 Tu
636 440 708 459 vero
742 432 894 456 memento
930 423 961 453 in
999 422 1121 464 planeta

291 474 449 506 Mercurio
478 485 542 504 esse
573 481 638 503 tum
668 471 784 501 donum
813 465 1076 508 contemplationis
1103 476 1121 494 a

291 525 391 549 mente
406 517 520 553 divina,
537 523 602 546 tum
625 513 750 545 actionis
770 523 787 542 a
810 517 919 540 natura
941 507 1059 543 mundi,
1075 514 1120 537 at-

291 573 350 603 que
366 561 436 591 hinc
452 560 491 590 ab
512 571 548 589 eo
571 558 637 589 dari
659 555 815 598 ingenium
832 552 879 583 vel
894 550 1122 592 contemplatio-

1165 249 1265 285 nibus,
1277 247 1323 277 vel
1337 245 1519 277 actionibus.
1534 252 1562 275 et
1579 244 1695 275 artibus
1711 252 1829 286 aptum,
1843 244 1889 274 vel
1904 255 2000 286 quan-

1165 292 1267 333 doque
1297 296 1456 320 strenuum
1484 287 1521 317 ad
1550 295 1726 329 utrumque.
1774 287 1805 317 Si
1831 288 2000 317 Saturnum

1166 335 1246 365 trino
1263 332 1400 363 sextilive
1415 330 1600 372 adspexerit,
1611 331 1658 360 vel
1672 331 1738 372 ejus
1749 329 1935 360 domicilium
1952 342 2000 360 oc-

1166 376 1336 419 cupaverit,
1360 375 1440 405 favet
1468 373 1717 415 contemplationi
1740 373 1951 414 potissimum:
1977 372 2000 402 si

1165 422 1301 450 Martem
1328 416 1512 459 adspexerit,
1535 416 1671 457 adspirat
1694 416 1797 458 potius
1819 415 1951 446 actioni:
1978 415 2000 445 si

1164 464 1287 499 Jovern,
1311 461 1433 502 utrique
1457 459 1584 489 feliciter
1606 458 1687 489 afflat
1714 458 1831 489 officio:
1857 458 1880 488 si
1905 459 2001 488 Vene-

1164 517 1227 536 rem
1251 506 1400 540 intuetur,
1423 502 1603 533 suavitatem
1628 501 1740 543 ingenii
1764 501 1937 543 eloquiique
1961 501 2000 530 si-

1167 548 1229 579 mul
1246 555 1450 588 ornatumque
1466 545 1614 587 designat.
