2201 2990
265 176 343 214 ,350

264 259 410 291 attentius
429 258 539 289 divinis
558 257 695 294 inhaeret,
712 269 748 287 eo
763 256 963 299 potentiorem
980 255 1098 286 foecun-

265 303 444 344 dioremque
466 301 508 332 ait
530 301 569 331 ad
592 300 749 342 sequentia
763 299 867 330 reddi:
893 306 923 330 et
938 298 1099 340 quasijam

266 345 336 376 inde
351 352 559 387 praegnantem
576 343 733 386 sequentia
749 354 864 385 parere.
893 341 947 372 Ad
963 341 1029 372 haec
1045 341 1103 372 tria

266 388 415 431 principia
430 386 607 418 universalis
622 386 815 428 providentia
835 385 978 427 pertinet,
994 396 1057 426 qua
1071 391 1102 414 et

267 432 419 467 omnibus,
436 438 466 461 et
485 430 587 460 omnia
607 429 777 471 provident.
824 428 933 458 Minus
950 439 1020 458 vero
1037 427 1102 457 uni-

268 474 390 505 versalis
405 473 441 504 ad
459 474 648 516 sphaerarum
664 471 882 512 stellarumque
897 471 1028 501 animas:
1050 470 1103 500 ha-

268 529 336 548 rum
360 517 440 547 enim
464 516 610 558 quaelibet
635 515 776 557 providet
800 513 923 555 quidem
949 512 1102 549 omnibus,

268 560 319 591 sed
337 571 397 590 non
409 559 519 590 omnia.
545 560 625 589 Nam
640 568 833 599 unaquaeque
848 555 973 598 propria
985 555 1103 591 tribuit,

269 603 409 645 quamvis
434 602 559 633 cunetis.
614 601 723 631 Minus
748 599 839 630 etiam
866 598 1044 628 universalis
1073 597 1103 627 in

269 646 461 677 daemonibus
477 653 521 676 est
537 643 735 687 providentia.
776 640 913 679 Quilibet
927 641 1007 670 enim
1024 648 1105 670 certa

293 689 414 719 uaedam
435 695 542 719 curant
565 698 677 729 genera
700 695 813 721 rerum,
830 683 943 725 quibus
967 691 996 713 et
1019 694 1105 724 quae-

270 701 342 763 dam
358 731 483 773 propria
498 730 647 761 tribuunt.
680 726 877 758 Particularis
892 726 982 756 etiam
998 725 1028 755 in
1045 725 1107 755 ani-

271 775 379 806 mabus
395 773 505 805 nostris
516 773 554 803 ad
567 771 709 802 iuferiora
723 768 915 811 providentia
927 777 980 798 est.
1005 768 1107 809 Atque

272 817 445 860 impensiori
471 816 560 847 etiam
591 813 803 849 sollieitudine,
830 822 922 853 quam
953 811 1107 841 daemones

272 860 394 903 propria
410 867 534 890 curant:
561 866 595 888 ut
611 856 739 887 stultum
757 855 805 891 sit,
822 855 987 884 humanam
1004 853 1107 895 provi-

271 904 406 934 dentiam
421 913 491 933 cum
507 901 615 931 animae
632 898 796 929 numdanae
819 896 1012 939 providentia
1027 908 1107 926 com-

271 958 388 989 parare.
431 946 510 975 Cum
527 943 606 973 enim
623 950 651 972 et
669 941 769 972 anima
785 940 883 982 prima
898 939 1107 982 potentissima

273 990 326 1020 sit:
353 997 382 1019 et
406 986 596 1030 providentia
618 985 684 1026 ejus
709 983 896 1019 universalis,
913 989 999 1013 extra
1014 994 1106 1024 quam

273 1032 346 1062 nibil
362 1039 416 1067 est,
433 1029 515 1071 quod
533 1029 599 1070 ejus
614 1034 766 1069 repugnet
788 1026 896 1063 officio,
914 1037 974 1056 non
998 1025 1109 1067 injuria

274 1075 413 1105 Plotinus
428 1073 480 1109 ait,
494 1072 581 1109 lianc,
592 1071 665 1101 dum
684 1070 835 1112 providet,
846 1081 944 1110 neque
961 1069 1108 1105 laborare,

274 1129 371 1159 neque
387 1116 487 1146 minus
502 1127 565 1145 esse
581 1115 711 1144 beatam.
737 1113 879 1143 Animam
891 1120 1108 1142 veronostram

275 1172 370 1201 usquc
395 1159 471 1189 adeo
494 1157 634 1199 regendis
658 1155 838 1197 corporibus
859 1154 1014 1196 occupari,
1037 1163 1070 1185 ut
1093 1166 1111 1184 a

272 1202 479 1245 superioribus
494 1200 680 1242 quandoque
696 1198 842 1229 discedat.
888 1198 1044 1234 Discedat,
1062 1197 1108 1227 in-

272 1257 376 1288 quam,
393 1257 446 1287 per
463 1245 596 1274 infimam
614 1243 659 1273 sui
676 1250 793 1285 partem
811 1242 921 1283 primo,
935 1241 965 1271 id
983 1249 1038 1277 est,
1056 1252 1110 1282 per

273 1288 518 1329 imaginationem
546 1287 674 1328 ejusque
697 1286 839 1315 affectum
867 1283 1046 1326 propensius
1072 1283 1111 1313 ad

274 1332 417 1362 inferiora
430 1338 615 1372 vergentem.
642 1332 719 1366 Qua·
731 1328 855 1369 quidem
873 1327 912 1357 ad
930 1327 993 1357 lia’e
1010 1338 1110 1356 seeum

274 1375 403 1406 subinde
416 1374 515 1404 trabat
534 1381 649 1414 partem
666 1372 775 1402 anima·
788 1370 929 1408 mediam,
939 1370 1028 1411 cujus
1044 1381 1112 1411 pro-

274 1419 374 1460 prium
392 1424 446 1454 est,
463 1416 579 1447 ratione
595 1416 776 1446 discurrere.
818 1413 1012 1444 Intellectum
1030 1424 1110 1449 vero,

274 1473 365 1503 quem
390 1468 419 1491 et
442 1460 550 1490 anima*
574 1467 690 1500 partem
716 1457 862 1493 nominat,
879 1458 1037 1487 confirmat
1062 1457 1111 1494 (ut

275 1516 355 1546 ⁴<epe
381 1503 470 1543 solet)
497 1502 630 1532 divinam
660 1500 889 1541 intelligentiam
914 1499 1113 1529 intermittere

276 1558 445 1588 nunquam.
479 1545 609 1575 Videtur
624 1552 725 1574 autem
743 1543 806 1573 lia‘c
823 1543 861 1572 de
877 1542 1031 1572 intellectu
1049 1553 1114 1572 sen-

278 1590 368 1621 tentia
392 1601 452 1619 non
475 1588 588 1619 Plotini
612 1587 721 1624 solum,
739 1586 790 1616 scd
808 1585 965 1616 Ammonii
989 1596 1113 1626 quoque

277 1632 471 1675 przeceptoris
487 1632 553 1673 ejus
571 1629 767 1661 Alexandrini
785 1629 886 1659 fuisse.
920 1630 1018 1665 Quem
1038 1628 1111 1658 l’lo-

277 1677 358 1707 tinus
375 1676 404 1705 in
420 1675 562 1705 omnibus
578 1674 689 1704 dieitur
705 1680 894 1714 prosecutus.
931 1671 1113 1713 Accepimus

277 1728 306 1750 et
331 1719 404 1749 alios
424 1718 575 1760 quosdam
600 1716 754 1747 auditores
775 1714 933 1745 Annnonii
954 1715 982 1744 in
1007 1714 1111 1744 eadem

278 1762 427 1793 sententia
442 1760 651 1803 permansisse,
669 1770 760 1801 quam
778 1766 807 1788 ct
826 1757 1014 1788 lamblichus
1036 1757 1114 1787 inter

282 1805 502 1848 ,Egyptiorum
540 1803 684 1844 dogmata
724 1812 943 1832 connumerare
980 1800 1112 1830 videtur.

282 1848 409 1879 Notabis
433 1847 556 1883 interea,
573 1846 703 1876 animam
728 1852 872 1879 nostram,
889 1844 1029 1885 quamvis
1049 1854 1116 1885 par-

280 1891 414 1922 ticularis
430 1890 531 1921 anima
547 1889 731 1925 nominetur,
747 1887 819 1929 quia
837 1887 1048 1928 particularem
1065 1886 1117 1915 ba-

281 1935 346 1965 beat
373 1933 606 1976 providentiam,
622 1931 707 1962 nullo
724 1939 824 1961 tamen
846 1937 935 1971 pacto
951 1941 1013 1959 esse
1030 1940 1118 1959 mun-

282 1978 369 2007 dana·
384 1977 493 2007 animae
510 1983 638 2017 partem.
668 1976 817 2010 Rursum,
834 1973 965 2003 animam
984 1980 1116 2002 nostram

283 2021 349 2050 ideo
362 2020 391 2049 in
409 2019 543 2061 regendo
554 2029 680 2060 corpore
696 2016 848 2047 sollicitari
863 2024 956 2057 atque
971 2015 1119 2052 laborare,

283 2063 425 2104 quoniam
450 2074 550 2103 neque
573 2072 726 2091 summum
743 2067 822 2090 tenet
847 2059 956 2089 anima‘
976 2058 1119 2099 gradum,

284 2117 373 2146 quem
391 2105 523 2136 obtinuit
538 2104 638 2135 anima
654 2102 778 2133 mundi:
803 2114 902 2143 neque
916 2109 1073 2143 permanet
1090 2101 1118 2130 in

286 2160 404 2178 summo
428 2156 501 2184 tota,
525 2159 594 2178 eum
623 2146 816 2176 inferioribus
843 2144 992 2186 providet.
1041 2145 1120 2174 Eam

287 2202 356 2221 sane
380 2191 608 2232 particularium
635 2190 805 2220 animarum
831 2187 1034 2218 conditionem
1058 2198 1121 2216 esse

288 2241 386 2275 putat,
402 2242 434 2263 ut
450 2245 503 2275 per
518 2233 597 2263 vices
614 2233 669 2263 boe
685 2240 737 2262 aut
755 2231 830 2261 illud
847 2238 949 2272 agant:
969 2238 1120 2271 quantum

290 2276 425 2306 videlicet
443 2277 481 2306 ad
494 2276 639 2306 rationem
653 2274 962 2315 imaginationemque
978 2273 1120 2315 pertinet,

289 2326 437 2361 quantum
452 2330 523 2349 vero
536 2326 649 2360 spectat
665 2318 702 2348 ad
716 2317 903 2348 intellectum
919 2315 1019 2346 nullas
1033 2327 1122 2357 agere

289 2362 377 2392 vices.
423 2361 597 2398 Quemlibet
612 2361 691 2391 enim
709 2360 895 2390 intellectum
913 2371 975 2389 esse
991 2359 1021 2388 in
1037 2367 1124 2388 aeter-

289 2405 384 2435 nitate
409 2404 531 2446 penitus
555 2403 766 2433 constitutum.
813 2402 969 2444 Siquidem
995 2401 1025 2431 in
1052 2413 1123 2442 pro-

290 2448 418 2490 prietate
433 2446 541 2477 animae.
557 2446 687 2476 subinde
707 2454 852 2486 sequente
866 2445 984 2487 primus
999 2452 1044 2475 est
1060 2456 1123 2474 mo-

291 2499 341 2522 tus
357 2490 552 2533 primumque
569 2496 697 2530 tempus.

296 2578 427 2605 Mundum
443 2585 492 2603 non
506 2575 595 2611 fuisse
610 2575 756 2609 aliqnando
772 2583 864 2600 norum
881 2583 912 2599 ex
928 2583 995 2600 nova
1010 2575 1126 2609 quadam

361 2618 454 2644 animae
465 2617 602 2652 pravitate
613 2627 621 2641 :
644 2623 727 2649 aeque
741 2614 887 2649 aliqnando
899 2615 1059 2648 periturum.

332 2665 400 2695 III.
424 2664 553 2694 Frustra
567 2661 661 2704 igitur
678 2661 832 2703 fingebant
848 2659 981 2690 haeretici
996 2660 1126 2690 animam

712 156 1138 198 ARGUMENTUM
1170 155 1399 196 MARSIL.
1430 155 1534 195 FIC.

1143 254 1273 297 primam
1288 253 1454 295 aliquando
1469 265 1488 283 a
1503 252 1606 284 divina
1620 250 1811 282 beatitudine
1826 250 1979 282 cecidisse:

1144 305 1238 339 atque
1254 297 1295 328 ita
1310 297 1350 327 ad
1366 296 1517 327 deteriora
1532 295 1768 337 degenerantem
1789 293 1983 325 fabricavisse

1145 340 1309 371 mundum.
1331 340 1461 371 Temere
1476 338 1604 369 nimium
1621 337 1739 368 mundo
1754 344 1916 379 propterea
1931 336 1984 366 da-

1144 384 1220 414 bant
1241 383 1374 420 initium,
1391 382 1476 424 quod
1498 381 1584 412 faber
1604 381 1670 423 ejus
1693 391 1792 422 nuper
1814 387 1892 410 esset
1914 390 1982 421 per-

1146 434 1283 457 mutatus
1298 426 1328 456 in
1345 425 1471 456 malum.
1497 424 1599 455 Satius
1613 423 1780 454 admodum
1794 430 1858 454 erat
1872 422 1983 458 dicere,

1145 469 1297 499 mundum
1314 481 1352 499 ex
1367 469 1468 499 anima
1489 479 1608 509 semper
1628 466 1761 497 naturali
1777 465 1911 508 quadam
1934 476 1986 495 ne-

1146 512 1284 542 cessitate
1311 511 1518 553 productum:
1547 509 1808 551 quemadmodum
1833 516 1863 539 et
1887 509 1986 539 forma

1146 554 1281 595 corporis
1296 566 1313 584 a
1328 553 1458 595 vegetali
1474 553 1598 590 virtute,
1615 560 1645 583 et
1660 552 1742 583 calor
1757 552 1923 593 lumenque
1945 551 1985 581 ab

1147 597 1228 638 igne.
1274 596 1421 627 Videmus
1446 595 1526 626 enim
1553 595 1771 636 perfectissima
1796 605 1928 636 quaeque
1954 593 1985 624 in

1148 646 1258 669 natura
1273 638 1404 669 naturali
1420 638 1560 679 largitate
1581 648 1700 679 semper
1714 649 1815 679 agere,
1832 648 1932 678 neque
1947 648 1985 667 ex

1150 682 1260 723 inopiae
1276 681 1356 711 malo
1372 680 1423 711 sed
1440 680 1544 722 potius
1560 691 1597 710 ex
1613 679 1709 722 copiae
1723 680 1814 710 bono.
1854 679 1947 717 Quod
1963 679 1986 709 si

1151 735 1270 766 semper
1285 732 1393 765 agunt,
1409 723 1460 754 illa
1475 724 1577 759 etiam,
1594 734 1726 764 quorum
1743 722 1841 752 virtus
1860 729 1892 752 et
1909 721 1989 752 actio

1151 767 1189 797 ad
1206 767 1349 808 quaedam
1366 774 1484 797 tantum
1502 765 1702 796 determinata
1725 772 1780 802 est,
1798 772 1833 795 ut
1855 764 1987 795 elemen-

1151 817 1218 840 tum
1234 809 1394 851 quodlibet
1408 818 1439 840 et
1454 808 1673 851 compositum:
1698 807 1797 838 multo
1812 807 1909 849 magis
1931 807 1990 838 tria

1151 852 1200 883 illa
1217 852 1366 895 principia
1382 864 1483 883 rerum
1497 864 1503 882 :
1529 863 1661 893 quorum
1677 851 1776 881 virtus
1791 859 1836 881 est
1850 861 1989 881 commu-

1151 896 1197 926 nis
1212 895 1250 926 ad
1267 895 1369 925 onmia
1391 907 1510 937 semper
1525 902 1633 936 agunt.
1680 895 1811 924 Praestat
1826 893 1930 935 itaque
1945 893 1991 924 di-

1150 950 1228 975 cere,
1245 938 1353 969 mundi
1378 939 1510 974 fabrum,
1533 945 1647 968 aeterna
1669 935 1814 967 bonitatis
1835 936 1933 978 copia,
1950 936 1990 967 ab

1151 993 1218 1012 awo
1233 981 1384 1012 mundum
1401 980 1615 1023 progenuisse:
1637 991 1729 1022 quam
1746 991 1824 1010 nova
1839 979 1990 1022 pravitate

1153 1036 1278 1055 novum.
1324 1024 1468 1056 Profecto
1495 1023 1517 1053 si
1543 1023 1763 1065 principiorum
1790 1031 1930 1053 naturam
1958 1022 1988 1052 in

1152 1075 1222 1098 actu
1246 1079 1364 1110 semper
1388 1066 1558 1097 absolutam
1581 1066 1818 1103 consideramuS,
1833 1073 1927 1107 atque
1949 1065 1991 1096 sic

1153 1122 1231 1152 opus
1247 1111 1285 1141 ad
1302 1123 1367 1141 eam
1383 1110 1578 1146 conferimus,
1592 1120 1670 1150 opus
1686 1109 1756 1139 inde
1772 1108 1991 1150 sempiternum

1154 1154 1239 1195 sequi
1252 1154 1382 1185 videtur.
1408 1152 1555 1191 Quamvis
1571 1152 1594 1182 si
1611 1151 1648 1182 ad
1666 1151 1761 1193 ipsam
1778 1151 1890 1182 divinae
1906 1151 1992 1181 boni-

1155 1197 1225 1227 tatis
1237 1197 1282 1227 vel
1296 1196 1504 1237 intelligentiae
1516 1195 1702 1226 voluntatem
1716 1194 1894 1236 respexeris,
1904 1205 1993 1224 mun-

1155 1239 1230 1270 dum
1251 1239 1350 1270 valeas
1374 1249 1439 1270 tum
1463 1239 1526 1269 sine
1550 1250 1627 1268 nova
1649 1238 1727 1268 fabri
1748 1237 1908 1279 pravitate,
1925 1243 1991 1267 tum

1156 1283 1219 1313 sine
1246 1283 1341 1313 divini
1366 1282 1481 1313 consilii
1506 1281 1640 1312 novitate
1667 1292 1782 1310 novum
1809 1279 1993 1322 excogitare.

1158 1328 1237 1356 Sane
1263 1338 1333 1357 eum
1360 1326 1389 1356 in
1413 1325 1571 1356 divinitate
1595 1332 1704 1354 natura
1729 1323 1809 1353 idem
1837 1323 1875 1354 sit
1900 1329 1994 1364 atque

1155 1369 1307 1407 voluntas,
1334 1380 1433 1410 neque
1463 1369 1602 1398 voluntas
1629 1375 1747 1397 naturae
1772 1365 1883 1404 aufert,
1909 1365 1994 1407 quod

1156 1412 1315 1454 proprium
1340 1421 1383 1442 est
1412 1418 1549 1441 naturae:
1574 1421 1673 1451 neque
1699 1417 1809 1439 natura
1834 1408 1994 1451 proprium

1157 1455 1317 1485 voluntati.
1366 1456 1451 1485 Tum
1468 1465 1541 1484 vero
1555 1454 1704 1488 confutat,
1723 1451 1808 1493 quod
1831 1451 1994 1493 putabant,

1157 1498 1306 1528 mundum
1324 1497 1490 1539 aliquando
1506 1497 1688 1539 periturum.
1729 1495 1799 1525 Sola
1814 1494 1906 1532 enim,
1923 1505 1995 1536 quae

1157 1541 1264 1571 resolvi
1289 1542 1317 1571 in
1341 1540 1456 1582 aliquid
1481 1547 1619 1582 possunt,
1637 1537 1760 1569 interire
1782 1549 1869 1579 posse
1887 1537 1995 1568 viden-

1158 1592 1218 1615 tur.
1262 1585 1341 1614 Nam
1358 1583 1473 1625 aliquid
1491 1584 1521 1613 in
1538 1582 1667 1613 nibilum
1684 1592 1860 1611 evanescere
1875 1580 1995 1611 bonitas

1158 1627 1222 1669 ipsa
1239 1636 1356 1657 natura·
1373 1638 1433 1657 non
1450 1626 1576 1669 patitur.
1621 1623 1879 1666 Quandoquidem
1896 1634 1996 1664 neque

1158 1670 1274 1712 patitur
1289 1670 1399 1700 alicubi
1419 1680 1560 1699 vacuum.
1610 1669 1647 1698 In
1670 1666 1745 1709 quid
1767 1678 1840 1707 ergo
1860 1665 1997 1696 mundus

1158 1713 1264 1743 resolvi
1290 1721 1387 1754 potest
1402 1715 1413 1742 ἒ
1456 1711 1616 1753 Numquid
1643 1711 1672 1741 in
1700 1710 1855 1740 materiam
1869 1711 1882 1739 ?
1919 1709 1998 1739 Esto

1158 1768 1237 1787 sane.
1256 1756 1315 1786 Sed
1329 1756 1370 1786 ita
1382 1755 1506 1785 (lenium
1518 1754 1696 1796 quaerimus,
1708 1752 1859 1794 numquid
1872 1751 1999 1782 materia

1158 1800 1208 1830 illa
1224 1800 1352 1829 formam
1371 1799 1491 1835 babeat,
1503 1809 1557 1828 nec
1574 1801 1629 1827 nc?
1656 1796 1687 1826 Si
1703 1795 1807 1826 babet:
1825 1794 1927 1825 adhuc
1941 1794 1998 1825 erit

1160 1843 1190 1873 id
1206 1841 1407 1884 compositum
1425 1841 1454 1871 in
1471 1840 1626 1871 materiam
1645 1837 1814 1869 resolubile.
1841 1838 1933 1868 Tunc
1948 1837 2000 1868 illa

1161 1898 1259 1927 neque
1287 1885 1316 1915 iu
1345 1885 1472 1915 nibilum
1501 1894 1678 1914 evanescere
1704 1888 1814 1924 potest,
1842 1892 1942 1922 neque
1968 1880 1998 1911 in

1161 1929 1266 1959 formis
1280 1939 1482 1970 perseverare.
1516 1928 1592 1956 Esse
1608 1925 1686 1956 enim
1706 1924 1799 1955 datur
1815 1923 1930 1965 ubique
1946 1934 2000 1966 per

1162 1972 1303 2002 sormam.
1334 1973 1382 2001 Ae
1399 1970 1421 2000 si
1439 1969 1571 2006 finxeris,
1589 1980 1653 1999 eam
1671 1968 1733 1998 sine
1749 1968 1848 1997 forma
1862 1977 1997 1997 manere:

1164 2023 1236 2045 tunc
1252 2014 1322 2045 alibi
1339 2014 1462 2055 quidem
1480 2012 1605 2042 materia
1621 2011 1689 2042 erit:
1711 2010 1781 2041 alibi
1798 2021 1870 2040 vero
1885 2009 1999 2047 divina,

1164 2058 1251 2100 quasi
1274 2057 1421 2087 limitibus
1444 2056 1514 2086 inde
1537 2055 1706 2097 disjuncta:
1731 2052 1857 2095 quando
1875 2052 2000 2094 quidem

1164 2101 1237 2131 nibil
1263 2112 1299 2131 ex
1325 2100 1381 2130 illis
1408 2098 1515 2129 emicet
1537 2098 1567 2128 in
1595 2097 1762 2128 materiam.
1808 2096 1880 2126 Non
1906 2095 2002 2137 igitur

1164 2151 1252 2174 erunt
1270 2143 1386 2184 ubique
1401 2142 1513 2172 divina.
1559 2141 1649 2179 Quod
1672 2140 1756 2170 dictu
1778 2138 1862 2169 nefas
1884 2149 1948 2169 esse
1969 2137 2002 2168 in

1166 2186 1337 2227 Theologia
1360 2185 1568 2227 probavimus,
1585 2192 1615 2214 et
1635 2183 1706 2214 alibi
1723 2180 1998 2223 comprobabimus.

1166 2231 1276 2271 Neque
1294 2229 1361 2259 lieet
1376 2229 1491 2269 fingere
1514 2227 1670 2257 materiam
1694 2226 1724 2256 in
1747 2224 1821 2255 nibil
1845 2235 1932 2266 posse
1955 2235 2000 2254 re-

1165 2273 1249 2303 solvi.
1297 2272 1420 2313 Quippe
1440 2282 1510 2301 cum
1532 2270 1651 2300 nullum
1675 2280 1768 2310 agens
1791 2267 1830 2298 ad
1854 2266 2003 2298 resolven-

1165 2316 1240 2347 dum
1257 2314 1414 2345 contendit
1430 2313 1615 2355 simpliciter,
1631 2320 1663 2342 ut
1680 2310 1827 2342 resolvat:
1853 2309 1905 2340 sed
1921 2315 1955 2340 ut
1971 2319 2002 2339 se

1165 2366 1288 2399 augeat,
1304 2358 1351 2388 vel
1374 2364 1532 2399 propaget.
1580 2356 1619 2386 Id
1640 2366 1712 2385 vcro
1734 2365 1772 2384 ex
1796 2352 1900 2395 aliquo
1920 2352 2001 2382 dun-

1168 2409 1253 2432 taxat
1268 2409 1297 2431 et
1314 2401 1343 2431 in
1359 2399 1475 2441 aliquid
1492 2398 1555 2429 fieri
1570 2405 1678 2440 potest.
1725 2398 1878 2427 Praeterea
1896 2394 1920 2425 si
1940 2404 2002 2424 ma-

1169 2444 1244 2475 teria
1265 2443 1423 2485 redigatur
1439 2442 1469 2472 in
1490 2441 1631 2478 nibilum,
1646 2439 1795 2471 constabit
1818 2449 1888 2469 sane
1909 2443 2002 2467 mate-

1169 2488 1243 2518 riam
1267 2487 1306 2517 ab
1329 2485 1414 2516 initio
1437 2485 1643 2515 necessitatem
1666 2495 1683 2514 a
1706 2481 1791 2512 nullo
1812 2478 2002 2523 praecedente

1170 2531 1317 2572 subjecto,
1334 2528 1416 2559 unde
1431 2529 1527 2565 fieret,
1544 2527 1703 2558 habuisse:
1727 2535 1797 2555 cum
1821 2523 1863 2553 ita
1881 2520 2001 2551 nullum

1170 2572 1335 2615 aliquando
1356 2571 1528 2613 subjectum
1552 2567 1749 2612 praecesserit,
1773 2566 1848 2596 sicut
1870 2563 2002 2605 denique

1171 2616 1310 2658 sequitur
1323 2614 1452 2645 nullum.
1478 2613 1593 2644 Extitit
1607 2612 1702 2654 igitur
1717 2610 1755 2640 ab
1770 2607 1855 2638 initio
1868 2605 2002 2653 quadam

1171 2657 1392 2690 consecutionis
1414 2656 1590 2688 necessitate
1611 2666 1649 2685 ex
1669 2651 1823 2694 superiore
1844 2648 2004 2679 efficaente-
