2201 2990
238 180 297 200 CXX

238 254 336 286 adiret
354 252 530 295 Porphyrio
546 257 682 282 suaserat
698 261 793 292 supra
806 261 834 280 c.
849 249 933 280 Xlff'
956 248 988 279 F
987 248 1082 279 abric.
1100 246 1125 274 A
1144 248 1281 285 deerant,
1304 258 1414 290 parare
1437 245 1512 277 mihi
1534 245 1687 288 potuerim
1707 258 1712 276 :

239 304 381 336 Weiskio
402 311 509 334 contra
529 302 677 334 sentiente
693 301 776 332 h.1.:
801 302 881 331 Vere
896 298 1084 330 imbecillum

238 364 293 387 aut
309 367 426 397 aegrum
443 366 570 397 corpore
586 353 680 385 fuisse
696 352 908 394 Porphyrium
933 351 1086 391 subnegat

240 407 403 449 Longinus
419 407 450 437 h.
464 406 485 436 l.
503 413 544 443 et,
561 405 688 436 laudato
704 404 819 441 Tollio,
835 403 915 433 idem
940 407 1031 444 putat
1047 400 1086 431 de

239 467 306 490 atra
321 458 381 489 bile
396 457 595 499 cogitandum
609 468 683 487 esse.
707 455 801 493 Quasi
818 454 867 485 hic
882 465 943 484 non
960 452 1086 483 morbus

240 518 328 548 esset,
343 518 370 540 et
387 508 611 549 μελαγχολικήν
626 520 691 538 τινα
708 507 799 537 νόσον
815 516 875 536 non
892 505 957 546 ipse
973 514 1087 534 memo-

241 569 322 593 raret
338 561 356 592 1.
372 560 392 592 l.
412 559 616 601 Porphyrius.
646 558 702 589 Cr.

777 158 1152 194 ANNOTATIONES
1177 162 1227 193 IN
1252 161 1449 192 PLOTINI

1745 256 1838 287 quam
1862 245 1902 276 ob
1925 256 1990 276 rem

1145 299 1299 330 notarium
1321 311 1340 329 a
1362 304 1510 329 consueto
1531 297 1700 328 abductum
1726 308 1819 339 opere
1841 295 1914 327 huic
1937 295 1991 327 uni

1145 363 1229 382 curae
1251 350 1402 381 intentum
1427 360 1491 380 esse
1509 349 1622 391 jussi.’'
1668 352 1690 367 “
1709 349 1806 379 Recte
1829 347 1954 378 Tollius
1975 359 1992 378 e

1149 402 1246 433 Suida
1260 402 1403 433 observat
1417 399 1594 440 ὑπογραφέα
1608 411 1673 430 esse
1693 399 1865 437 librarium,
1881 398 1935 440 qui
1958 397 1993 428 li-

1147 454 1219 485 bros
1235 453 1413 484 describit.”
1431 453 1556 483 Fabric.
1593 451 1644 482 Cf.
1661 462 1732 492 quae
1748 462 1842 492 supra
1857 449 1994 480 diximus

1147 505 1186 536 ad
1205 506 1283 547 Cap.
1298 504 1394 535 VIII.
1412 515 1444 546 p.
1460 513 1530 541 127.
1565 502 1659 533 Adde
1676 501 1787 533 Jacobi
1802 508 1866 532 not.
1883 501 1912 532 in
1931 502 1994 532 Lu-

1148 556 1227 587 cian.
1248 555 1422 586 Alexandr.
1449 566 1479 597 p.
1496 564 1547 594 49.
1600 554 1679 584 Mox
1705 564 1763 595 pro
1787 553 1833 583 καὶ
1858 553 1994 592 κέκτημαι

285 625 314 656 p.
333 613 408 643 lxix.
426 612 443 641 f.
470 611 533 641 Κᾶν
549 611 626 641 ἄλλο
645 622 672 639 τι
692 609 780 648 τύχῃς
799 607 916 645 οἰηθεὶς,
932 605 998 645 παρ’
1016 606 1087 644 ἐμοῦ
1104 608 1130 635 Β
1151 606 1312 638 VVeiskius
1328 606 1449 637 volebat
1470 607 1561 636 καίτοι
1582 605 1656 635 κέκτ.
1673 605 1763 646 cujus
1786 603 1993 634 necessitatem

243 667 273 697 δὲ
288 666 378 704 μηδὲν
393 664 566 702 προσδοκῶν
582 659 764 699 καινότερον]
792 661 812 676 “
826 658 936 688 Minus
952 657 1018 687 haec
1033 656 1087 686 ad-

244 715 366 758 sequuti
390 719 462 743 sunt
484 714 675 754 interpretes.
722 711 831 740 Verte:
859 709 948 745 Quod
969 709 997 739 si
1013 707 1090 750 qm'd

242 767 331 797 alind
352 766 481 807 cogites.
527 762 644 794 Confer
666 773 722 792 nos
744 772 837 802 supra
860 760 899 790 ad
922 766 995 789 sect.
1015 757 1087 788 10.'’

249 819 349 859 Toup.
396 816 597 855 “npoffboxssv
615 812 671 854 [sic
687 812 737 843 ed.
751 811 844 842 Basil.
867 818 897 841 et
921 809 1043 841 Fabric.
1060 817 1090 840 et

244 868 312 899 libri
328 867 445 909 aliquot
462 866 583 908 msera]
631 865 775 895 Fortasse
791 862 839 893 hic
855 873 980 904 quoque
996 873 1087 900 προσ-

244 922 346 954 δοκῶν,
361 930 430 948 nam
445 917 550 948 similis
563 923 607 946 est
624 914 774 957 superiori
788 913 954 956 syntaxiS.”
965 913 1088 943 *Horu-9.

1150 671 1210 690 non
1235 659 1335 695 video,
1353 670 1408 689 nec
1432 657 1513 688 ullus
1535 657 1611 687 liber
1634 656 1833 697 suffragatur,
1849 662 1879 685 et
1903 655 1996 685 καίτοι

1150 709 1255 752 paullo
1272 718 1339 751 post
1353 709 1504 751 sequitur,
1520 708 1571 738 ubi
1587 706 1852 738 accommodatum
1865 712 1921 736 est.
1939 706 1994 736 Cr.

1199 772 1232 802 p.
1256 760 1331 791 lxix.
1356 760 1373 791 ἰ.
1405 760 1616 799 ἀναλήψεσθαι
1644 760 1680 789 τὰ
1710 761 1768 788 τῶν
1797 756 1996 796 ὑπογραφέων

1150 812 1344 852 πταίσματα.]
1379 815 1399 829 “
1417 811 1554 853 Scriptor
1576 809 1677 840 nescio
1700 809 1769 851 quis
1791 820 1841 850 ap.
1867 807 1994 838 Suidam

1151 862 1182 892 in
1197 861 1426 901 Ἀναλήψεσθαι
1438 863 1453 892 ὁ
1466 863 1497 892 δὲ
1510 862 1616 901 ἔλεγεν
1629 860 1841 900 ἀναλήψεσθαι
1855 859 1888 890 τὸ
1901 858 1997 898 παρὸν

1151 915 1283 951 πταῖσμα
1305 915 1367 944 ταῖς
1390 914 1430 944 εἷς
1451 912 1484 942 τὸ
1507 912 1621 950 μέλλον
1637 913 1760 951 ἀρεταῖς.
1807 910 1931 942 Deinde
1946 912 1998 940 τοῦ

245 975 266 989 “
283 969 522 1000 Similitudinem
547 975 712 1010 syntaxeos
735 977 793 1007 ego
809 976 869 995 non
887 963 994 994 video:
1019 962 1089 993 nul·
1108 968 1132 997 C
1152 966 1381 1003 παραναγνῶναι
1406 964 1508 1001 μόνον,
1535 963 1692 1004 quomodo
1719 970 1800 993 recte
1826 961 1940 1004 legitur
1966 961 1996 992 in

245 1022 309 1053 lum
325 1021 405 1052 enim
420 1020 547 1050 verbum
565 1018 686 1049 finitum
704 1017 753 1047 hic
770 1015 934 1058 reperitur,
948 1022 982 1045 ut
998 1025 1092 1056 supra

245 1074 374 1113 ἀφίκοιο.
419 1070 565 1113 Toupius
586 1077 687 1100 tamen
706 1068 796 1099 tacite
817 1069 988 1107 προσδοκῶν
1007 1066 1091 1096 Lon-

245 1125 318 1167 gino
333 1123 427 1154 (ledit.
453 1122 512 1153 Sed
531 1121 605 1152 nihil
624 1128 668 1151 est
680 1131 736 1151 cur
748 1119 909 1161 vulgatum
927 1125 1090 1148 mutemus.

247 1175 425 1206 Infinitivus
441 1185 498 1217 pro
516 1172 707 1215 Imperativo
722 1171 841 1213 positus
857 1176 913 1207 est,
932 1176 966 1199 ut
982 1168 1021 1198 ab
1038 1167 1093 1198 ini-

245 1228 288 1258 tio
310 1227 436 1265 πέμπειν
451 1233 481 1256 et
499 1226 633 1264 κομίζειν,
651 1231 680 1254 et
699 1226 739 1253 Π.
756 1221 801 1252 Ὗ.
822 1230 872 1261 27.
890 1220 941 1250 2.''
965 1220 1091 1250 chz'slce.

247 1278 336 1310 Idem
354 1277 452 1308 multa
471 1284 577 1307 contra
595 1274 757 1316 Toupium
781 1272 978 1314 reliquosque
1001 1271 1094 1301 inter-

245 1338 347 1373 pretes
370 1329 520 1370 disputat.

245 1381 405 1412 lectionem
423 1379 521 1410 tribus
537 1378 622 1409 libris
637 1389 706 1407 mss.
720 1376 929 1407 confirmatam
945 1374 1092 1411 videram,

246 1444 369 1463 movere
393 1443 447 1462 uec
470 1439 599 1473 potuere
622 1440 677 1459 nec
700 1428 853 1458 debuere:
888 1427 931 1456 Et
956 1425 1092 1455 Verbum

246 1484 379 1520 finitum,
393 1482 477 1524 quod
495 1481 651 1511 XVeislflius
666 1479 819 1510 desiderat
836 1487 881 1509 est
898 1477 973 1508 illud
992 1477 1093 1519 ipsum

248 1536 375 1575 ἀφίκοιο,
389 1533 473 1576 quod
491 1532 635 1563 nimirum
650 1531 815 1573 cogitando
829 1530 878 1560 hic
892 1528 1092 1571 repetendmn

247 1595 310 1625 est3
335 1586 391 1616 hae
408 1585 574 1616 sententia:
600 1585 645 1615 Ac
662 1582 809 1625 quicquid
823 1582 912 1611 alind
930 1581 1095 1623 putaveris

249 1638 300 1677 (cle
316 1648 361 1668 me
377 1637 524 1676 &iliceos
541 1647 602 1666 *non
619 1636 664 1666 ita
681 1640 783 1665 tamen
799 1633 976 1668 adveneris,
992 1636 1026 1662 ut
1041 1632 1095 1673 qni

247 1690 320 1720 novi
344 1688 465 1731 aliquid
479 1699 498 1717 (ι
515 1698 561 1717 me
583 1691 743 1728 coespcctet.

250 1752 309 1771 was
324 1740 366 1770 du
383 1739 461 1770 auch
479 1739 531 1769 fiir
547 1738 613 1769 eine
631 1737 787 1778 Meinung
804 1737 878 1775 (von
901 1735 973 1775 mir)
997 1734 1096 1764 haben

250 1799 359 1833 magst‚
384 1803 417 1821 so
439 1790 572 1821 w‘urdest
596 1789 639 1819 du
665 1788 744 1819 (10011
771 1787 856 1818 nicht
881 1786 935 1817 mit
960 1785 1014 1816 der
1039 1786 1098 1816 Er—

250 1850 392 1884 wartung
414 1842 495 1872 eines
520 1841 650 1871 Solchen
675 1839 830 1877 kommcn,
848 1838 903 1869 der
922 1837 983 1868 sich
1005 1844 1098 1867 etwas

252 1895 356 1925 Neues
372 1904 431 1923 von
449 1893 506 1923 mir
523 1891 726 1934 verspraeche.
752 1891 805 1921 Cr.

294 1957 325 1987 p.
343 1944 416 1975 lxix.
434 1951 458 1975 g,
482 1943 544 1983 μηδ’
562 1945 614 1974 οὖν
630 1946 687 1973 τῶν
703 1944 847 1975 παλαιῶν,
865 1941 923 1970 ὅσα
945 1939 1000 1979 φῂς
1025 1941 1096 1970 ἀπο-

251 1996 427 2037 λωλεκέναι]
456 1997 537 2026 “Ῑ)0
561 1994 680 2037 seriptis
695 1994 791 2036 ipsius
809 1991 944 2033 Longini
968 1991 1025 2021 hoc
1047 2003 1096 2022 ac-

251 2047 325 2090 cipit
349 2046 482 2083 Tollius,
507 2046 592 2088 quod
618 2046 720 2088 potius
744 2045 783 2075 de
809 2044 937 2075 aliorum
963 2043 1096 2085 philoso-
1118 2049 1140 2076 F

254 2098 385 2140 phorum
403 2097 609 2128 monumentis
623 2097 746 2128 videtur
757 2108 821 2127 esse
836 2095 1099 2137 intelligen(lum.”

256 2150 286 2179 F
285 2150 382 2180 aluric.

253 2200 422 2242 quidquam
442 2208 579 2231 veterum
597 2211 731 2230 'meorum
750 2199 947 2241 scriptorum,
961 2209 1032 2240 quae
1045 2197 1099 2228 tibi

551 2253 668 2282 Contra
684 2251 713 2281 in
731 2251 779 2281 ed.
798 2250 914 2292 Toupii
932 2249 1099 2280 oxoniensi

254 2303 295 2333 ita
318 2302 465 2344 scriptum
489 2312 545 2340 est,
569 2302 643 2333 nihil
670 2310 812 2333 monente
835 2301 972 2332 editore:
999 2300 1101 2331 “imo

255 2365 309 2384 nec
326 2361 463 2383 veterum
480 2353 605 2394 quidem
623 2353 794 2395 quidquam
811 2354 1011 2395 scriptorum,
1028 2363 1100 2393 qum

255 2405 378 2447 periisse
402 2404 510 2435 dicis.''

257 2457 313 2487 Cr.

298 2519 328 2549 p.
347 2507 420 2538 lxix.
435 2507 462 2537 h.
485 2507 570 2545 μόλις
585 2506 679 2536 αὐτῶν
696 2506 889 2545 ἐπεκράτησα,
906 2506 958 2536 τὸν
972 2506 1100 2544 ὑπογρα-

428 2149 590 2179 Weiskius
613 2157 714 2179 tamen
732 2148 761 2178 in
781 2159 858 2178 vers.
877 2147 936 2177 ita:
963 2151 983 2164 ‘⁴
999 2157 1100 2188 neque

253 2251 378 2294 periisse
393 2251 502 2282 dicis.''

257 2559 316 2598 φέα
331 2561 388 2588 τῶν
405 2559 458 2596 μὲν
476 2558 619 2588 εἰωθότων
635 2557 757 2596 ἀπάγων
774 2557 879 2597 ἔργων]
909 2556 1004 2587 Posui
1020 2567 1100 2586 com-

257 2620 306 2639 ma
333 2616 402 2651 post
428 2608 620 2647 ἐπεκράτησα,
644 2615 674 2638 et
698 2607 808 2637 sustuli
833 2616 901 2649 post
925 2606 1100 2646 ὑπογραφέα

257 2671 327 2690 cum
345 2660 438 2690 Moro
453 2666 483 2689 et
501 2658 652 2696 Weiskio‚
668 2658 722 2700 qui
738 2658 796 2689 ita:
823 2662 844 2676 ‘⁶
859 2659 905 2688 [ft
928 2669 983 2700 per
1000 2665 1099 2688 totum

257 2711 315 2742 hoc
338 2719 460 2753 tempus
482 2710 543 2748 vix,
564 2709 607 2740 ita
629 2721 678 2740 me
700 2709 743 2740 dii
765 2717 879 2747 ament,
897 2708 1013 2740 Plotini
1029 2720 1102 2750 quae

567 1329 646 1364 Quae
669 1338 729 1363 me,
753 1334 953 1367 posteaquam
974 1322 1092 1365 Toupii
1111 1331 1137 1358 D
1156 1321 1276 1352 W'eisk.

1152 1015 1215 1046 Ed.
1242 1014 1335 1045 Basil.
1362 1017 1592 1053 παραναγνῶναι
1612 1021 1657 1044 est
1681 1015 1783 1056 legere
1805 1018 1833 1044 et
1855 1013 1998 1054 conferre

1151 1077 1219 1096 cum
1235 1066 1334 1096 altero
1349 1065 1528 1107 eavmplari.
1575 1064 1674 1106 Epist.
1694 1066 1811 1095 Socrat.
1827 1076 1858 1106 p.
1874 1065 1924 1094 66.
1948 1063 1997 1094 ed.

1153 1116 1252 1148 Allat.
1270 1116 1389 1158 Synesii
1406 1116 1507 1158 Epist.
1526 1116 1594 1154 673²
1615 1117 1716 1158 Toup.
1765 1115 1825 1146 Sed
1842 1115 1931 1146 etiam
1949 1115 1997 1146 ed.

1154 1167 1288 1199 Fabricii
1318 1167 1411 1198 habet
1441 1169 1680 1206 παραναγνῶναι,
1732 1166 1823 1197 Istud
1853 1167 1997 1197 vitiosum

1153 1222 1345 1259 παραγνῶναι
1360 1218 1439 1249 duos
1455 1226 1576 1249 tantum
1594 1217 1694 1248 Codd.
1711 1225 1852 1259 occupat.
1877 1218 1927 1248 De
1942 1217 1999 1249 hac

1153 1270 1333 1301 confusione
1359 1269 1420 1300 vid.
1450 1270 1535 1300 Bast.
1563 1268 1602 1299 ad
1633 1269 1768 1310 Longin.
1795 1280 1824 1311 p.
1845 1270 1918 1310 650.
1948 1269 1998 1300 ed.

1324 1321 1376 1352 Ad
1395 1321 1486 1351 verba
1506 1320 1541 1351 τά
1559 1333 1590 1351 τε
1611 1321 1677 1359 περὶ
1693 1322 1791 1360 ψυχῆς
1812 1320 1859 1350 καὶ
1878 1321 1915 1351 τὰ
1934 1320 2000 1359 περὶ

1154 1375 1205 1404 τοῦ
1220 1375 1304 1406 ὄντος
1320 1372 1482 1403 Fabricius
1503 1372 1568 1402 haec
1591 1371 1766 1402 annotavit:
1793 1374 1815 1389 “
1828 1371 1877 1402 De
1899 1370 2002 1401 anima

1154 1424 1223 1454 libri
1250 1424 1362 1455 Plotini
1386 1431 1507 1454 exstant
1534 1422 1683 1454 Enneade
1711 1430 1833 1464 quarta,
1857 1423 1894 1453 de
1916 1421 2001 1452 Eme

1155 1475 1306 1506 Enneade
1321 1476 1435 1506 sexta.”
1460 1474 1551 1512 Quod
1564 1474 1644 1504 idem
1662 1474 1741 1504 infra
1756 1473 1794 1504 ad
1808 1485 1873 1516 cap.
1887 1473 2000 1504 XXV.

1155 1527 1207 1557 lin.
1229 1538 1259 1568 p.
1280 1537 1350 1568 145.
1375 1526 1432 1557 hoc
1455 1534 1549 1568 caput
1574 1526 1667 1555 XIX
1692 1525 1808 1561 laudat,
1832 1524 2002 1567 significare

1156 1577 1280 1608 videtur
1295 1578 1385 1608 etiam
1405 1577 1563 1608 Enneadis
1585 1576 1704 1618 quintae
1727 1576 1839 1607 librum
1863 1586 1999 1606 nonum:

1156 1630 1222 1669 περὶ
1243 1631 1294 1660 νοῦ
1319 1630 1365 1659 καὶ
1388 1632 1445 1659 τῶν
1470 1631 1554 1659 ἰδεῶν
1575 1630 1622 1659 καὶ
1643 1630 1694 1658 τοῦ
1714 1629 1798 1660 ὄντος
1820 1627 2000 1669 Longinum

790 1683 991 1715 Germanice:
1018 1681 1095 1713 Und
1114 1687 1138 1714 E
1157 1680 1212 1711 sibi
1229 1680 1399 1722 expetiisse.
1430 1681 1487 1711 Cr.

1200 1744 1230 1774 p.
1249 1731 1323 1762 lxix.
1340 1731 1365 1762 k·
1383 1731 1425 1762 ‘A
1440 1733 1495 1770 μὲν
1510 1733 1566 1771 γὰρ
1582 1731 1703 1770 ἤγαγεν,
1721 1730 1835 1760 ἅπαντα
1851 1730 1898 1760 διὰ
1913 1741 2002 1760 σπου-

1158 1785 1206 1821 δῆς
1230 1783 1423 1825 ἐκτησάμην.]
1449 1787 1469 1800 “
1485 1783 1564 1812 Nam
1582 1790 1703 1818 0110013,
1721 1793 1792 1822 quae
1816 1780 1865 1810 ille
1887 1779 2001 1817 attulit,

1157 1834 1321 1876 diligenter
1347 1834 1498 1864 asservo.”
1555 1834 1604 1864 Ita
1631 1832 1797 1863 vertendus
1823 1831 1879 1862 iste
1907 1831 2000 1861 locus.

1165 1887 1265 1927 Toup.

1160 1939 1229 1968 ravi
1245 1950 1268 1967 s.
1286 1937 1422 1968 studiose
1443 1937 1554 1967 curavi
1578 1940 1613 1966 ut
1637 1935 1710 1965 milti
1726 1934 2003 1965 describerentur?

1159 1989 1280 2019 Weisk.

1198 2052 1228 2082 p.
1245 2040 1320 2070 lxix.
1335 2039 1351 2069 ¹.
1368 2040 1412 2069 ὅτι
1428 2042 1485 2069 τῶν
1500 2039 1554 2076 μὲν
1570 2037 1740 2068 ὑποθέσεων
1756 2037 1789 2067 οὗ
1804 2035 2002 2074 πάνυ-με·-

1317 1890 1336 1904 “
1351 1886 1434 1916 ]Vam
1459 1884 1760 1915 ‹funem—studiove
1782 1883 1858 1913 ηιίΙιὶ
1880 1892 1999 1924 compa-

1159 2093 1335 2131 προσίεσθαι
1358 2090 1556 2130 συμβέβηκέ]
1584 2088 1681 2119 Ficini
1699 2088 1808 2124 versio,
1825 2087 1877 2129 qui
1895 2097 2004 2129 capere

1159 2143 1256 2179 dedit,
1274 2142 1303 2172 in
1321 2152 1452 2172 errorem
1470 2140 1593 2170 induxit
1611 2141 1647 2170 Ρ.
1664 2139 1806 2180 Baylium
1823 2138 1853 2168 in
1868 2137 2002 2168 Diction.

1160 2207 1183 2225 s.
1197 2206 1223 2223 v.
1241 2194 1358 2224 Plotia.
1384 2204 1414 2234 p.
1434 2202 1506 2231 759.
1532 2199 1593 2221 not.
1613 2192 1639 2221 I.
1664 2190 1717 2232 qui
1742 2190 1788 2219 vir
1810 2188 2004 2219 acutissimus

1161 2245 1259 2276 multo
1280 2253 1380 2275 tamen
1406 2243 1526 2285 {equitis
1548 2242 1587 2272 de
1610 2241 1802 2283 philosophia
1820 2239 1934 2270 Plotini
1953 2239 2005 2280 ju-

1160 2297 1252 2332 dicat,
1276 2307 1370 2337 quam
1395 2293 1603 2325 Ruhnkenius
1624 2293 1654 2323 in
1684 2292 1775 2334 Disp.
1800 2291 1839 2322 de
1865 2289 2004 2332 Longino

1162 2349 1190 2388 ξ.
1202 2348 1258 2378 VI.
1277 2347 1329 2377 ubi
1345 2346 1427 2376 hunc
1446 2345 1575 2386 Longini
1593 2344 1692 2374 locum
1710 2342 1812 2385 attigit
1829 2353 1858 2384 p.
1870 2351 1943 2382 497.
1957 2352 2001 2382 sq.

549 2412 579 2435 et
603 2405 659 2435 hoc
684 2404 854 2435 consultius
880 2403 1002 2434 videtur
1024 2415 1098 2433 esse.
1118 2410 1145 2437 G
1161 2398 1210 2429 ed.
1228 2399 1353 2439 Bel-gin.
1386 2398 1439 2427 Cr.

1203 2461 1232 2492 p.
1250 2449 1314 2479 lxx.
1333 2455 1367 2478 m·
1393 2448 1445 2478 τὸν
1468 2448 1497 2478 δὲ
1522 2448 1613 2478 τύπον
1634 2448 1682 2484 τῆς
1705 2446 1924 2485 γραφῆς-δεῖν
1939 2443 2005 2475 τοὺς

1160 2500 1350 2540 ζητητικούς.]
1378 2502 1396 2516 “
1416 2498 1574 2529 Scribendi
1591 2509 1663 2528 vero
1679 2497 1807 2527 sormam
1830 2503 1861 2525 et
1883 2501 2003 2524 senten-

1161 2552 1271 2582 tiarum
1298 2550 1392 2592 hujus
1416 2550 1471 2580 viri
1495 2549 1675 2579 densitatem
1703 2559 1737 2578 ac
1762 2544 2003 2588 philosophicam

1161 2602 1365 2645 ‹pizestionum
1385 2601 1594 2632 tractationem
1619 2599 1752 2629 immane
1774 2604 1925 2638 quantum
1949 2595 2003 2626 ad-

1161 2653 1263 2684 mirari
1280 2661 1308 2683 et
1326 2664 1447 2687 alnare;
1473 2651 1548 2694 quin
1565 2658 1595 2681 et
1607 2650 1646 2681 ab
1661 2650 1708 2686 iis,
1720 2648 1774 2690 qui
1789 2648 1820 2678 in
1837 2658 1938 2677 rerum
1956 2658 2005 2677 ve-

1162 2705 1281 2736 ritatem
1298 2704 1472 2746 inquirunt,
1489 2702 1582 2733 libros
1597 2701 1678 2732 illius
1696 2700 1775 2730 inter
1790 2698 2004 2741 praestantissi-
