2201 2990
253 175 330 210 410

255 258 358 296 unius,
381 265 436 288 aut
460 258 550 289 etiam
576 257 792 300 plurimorum,
817 256 880 287 sive
904 254 1094 287 consentiant

254 301 334 332 inter
349 313 391 339 se,
407 301 469 331 sive
484 301 660 332 dissideant.
687 301 787 338 Quam
800 299 840 330 ob
852 310 916 329 rem
932 310 1002 330 cum
1019 297 1096 328 falsa

254 344 313 375 sint
336 344 387 375 illa
409 344 482 381 duo,
504 344 618 386 quibus
641 343 832 385 potissimum
856 350 1018 373 assertores
1040 341 1095 371 fati

254 387 408 425 nituntur,
422 394 540 418 constat
564 398 624 417 non
645 386 747 416 omnia
767 386 842 423 fato,
863 385 895 415 id
917 392 973 423 est,
993 395 1095 414 neces-

254 430 332 461 saria
346 441 508 461 causarum
531 430 606 460 serie
626 429 744 460 caelitus
764 427 1003 470 dependentium
1021 438 1093 468 pro-

254 474 365 504 venire.
411 473 511 504 Juvat
533 480 636 504 autem
657 478 839 514 praesentem
855 470 1094 512 disputationem

255 516 436 547 auctoritate
461 515 595 558 quadam
625 514 805 557 prophetica
835 512 924 543 simul
952 513 1097 554 regiaque

256 559 446 591 concludere.
493 559 592 600 Apud
624 557 786 600 Synesium
819 555 1012 586 Platonicum
1044 565 1097 583 rex

257 602 492 645 AEgyptiorum,
518 601 662 643 idemque
690 601 740 639 (ut
766 599 816 629 ille
844 598 901 637 ait)
930 596 1097 639 Propheta,

324 985 594 1021 LIBRORUM
623 981 832 1018 TERTIAE
858 980 1124 1016 ENNEADIS

428 159 650 200 ARGUM.
672 159 841 199 MARS.
863 158 966 198 FIC.
989 157 1053 197 IN
1075 156 1184 196 LIB.
1207 156 1238 195 Ι.
1270 153 1526 195 ΕΝΝΕΑΙ).
1548 152 1800 192 TERTIAE.

1137 265 1302 295 rerumque
1318 251 1518 295 peritissimus
1533 251 1717 287 divinarum,
1728 260 1798 280 cum
1815 249 1975 291 imperium

1139 296 1220 327 Osiri
1237 296 1300 327 filio
1315 295 1460 330 traderet,
1477 294 1622 325 admonet
1637 305 1718 330 euin,
1737 300 1771 323 ut
1789 292 1977 334 Typhonem

1138 340 1263 370 fratrem
1280 351 1296 369 e
1312 338 1413 369 medio
1429 337 1525 374 tollat,
1542 337 1582 367 sic
1605 336 1726 367 dicens:
1751 335 1838 377 quasi
1862 342 1977 377 pestem

1139 382 1294 424 quandam
1323 388 1353 412 et
1379 381 1478 411 fatum
1507 380 1648 421 iniquum
1676 379 1800 409 fratrem
1828 386 1927 415 tuum,
1955 377 1978 407 si

1139 433 1220 455 recte
1236 424 1338 461 sentis‚
1355 422 1576 454 removendum
1593 434 1680 453 cura:
1700 429 1734 452 ut
1750 428 1839 452 tuum
1856 421 1979 463 *Egyp-

1140 468 1314 508 tiorumque
1335 466 1472 497 omnium
1492 465 1590 496 fatum
1614 465 1775 495 adversum
1793 475 1933 506 occupes,
1950 471 1980 493 et

1140 510 1266 541 consilio
1281 521 1317 540 ne
1333 508 1458 539 invadat
1481 507 1660 549 prohibeas:
1686 507 1754 538 licet
1769 507 1848 538 enim
1866 519 1900 538 ac·
1915 506 1980 537 {ieri

1141 560 1249 594 potest.

1151 978 1363 1013 PLOTINI
1392 976 1704 1011 PHILOSOPHI
1732 975 1922 1012 SERIES,

738 1084 972 1117 MARSILIO
998 1083 1160 1114 FICINO
1186 1081 1503 1113 INTERPRETE.

304 1203 329 1232 I.
354 1202 492 1242 Desino.

285 1245 331 1275 II.
356 1245 406 1274 De
414 1244 628 1286 providentia.

264 1289 331 1318 III.
355 1288 405 1318 De
414 1287 628 1329 providentia.

276 1332 331 1361 IV.
356 1330 582 1370 Dafimzile'are'f
605 1328 752 1369 czgjzcsque

392 1373 533 1403 (Immone.

893 1197 929 1226 V.
952 1197 1002 1226 De
1017 1206 1128 1225 amors.

973 1378 1016 1410 JJO
1020 1377 1059 1397 TC.

874 1240 928 1270 VI.
953 1239 1002 1269 De
1025 1237 1271 1280 'impossibilitate
1293 1237 1340 1266 ’ἰη-

977 1292 1190 1323 corporeorum
1198 1303 1204 1309 .

851 1326 928 1356 VII.
953 1325 1002 1355 Dc
1025 1325 1196 1355 ‹ster-nitate
1218 1328 1245 1354 ct
1269 1327 1339 1354 tcm-

1436 1193 1533 1223 VIII.
1558 1192 1607 1222 De
1626 1196 1744 1221 natura
1759 1195 1786 1220 ct
1801 1190 1985 1232 contempla-

1585 1235 1676 1269 tione,
1692 1239 1720 1264 ct
1733 1244 1806 1264 uno.

1468 1278 1532 1309 IX.
1558 1278 1607 1308 Dc
1628 1276 1761 1307 diversis
1784 1275 1989 1307 meditationi-

1586 1320 1649 1350 luas.
